1936 2749
1643 137 1686 172 11

8 221 124 289 ἡ
171 227 475 273 odana-Horati.
496 224 1521 274 Praeceditdupiuxipsimflonffimbnpi—oemma,
1533 239 1689 275 quatum

138 288 290 334 prima
294 285 443 333 incipit:
469 285 640 321 Horatius
658 285 769 322 Flaco
785 283 865 332 (sic
869 283 982 333 recte)
993 285 1171 322 ‘libertino
1195 286 1304 322 Pau-e
1312 291 1454 323 ηοω.
1464 312 1514 332 ..,
1511 286 1688 324 secunda

172 358 259 382 uero
279 346 342 382 nie
355 346 498 393 incipit.
525 355 563 388 Q.
584 355 643 381 12¹1..
667 357 844 393 praecone
866 351 969 393 patre
992 351 1124 382 natus.
1169 346 1345 382 .Verum
1367 345 1464 382 hand
1480 346 1568 383 mihi
1581 346 1686 383 heile

173 405 367 452 persuades
377 411 558 442 auctorem
572 406 752 443 Aci-onem
763 418 853 441 esse.
884 406 1131 457 Commentum
1142 373 1287 454 incipit.
1303 406 1464 442 Meam
1479 408 1619 442 amab.
1637 405 1685 453 ..]

175 465 308 501 Scribit
343 466 459 501 officia
496 467 713 513 pragmatica
747 465 964 501 monocolos.
1000 466 1039 500 in
1075 467 1441 502 commemoratione.
1495 466 1687 511 „daiam

174 525 218 559 ab
236 525 318 571 yuli
339 525 514 561 descendit
531 526 673 572 oriyi'ne.
721 525 793 561 Hic
815 524 928 560 codex
948 526 1071 571 paucis
1101 527 1259 572 exceptis
1283 528 1454 572 temporis
1475 526 1688 561 edacitatem

174 585 269 620 nullo
294 585 401 620 modo
429 586 556 629 sensit3
583 597 655 620 non
679 585 747 619 fuit
771 588 890 619 tamen
911 589 1075 619 accurate
1097 586 1239 619 omnino
1266 584 1476 632 descriptus:
1506 590 1542 621 et
1556 597 1688 631 graeca

174 644 349 680 vocabula
372 645 430 680 vel
446 650 527 680 sunt
544 645 675 680 omissa
689 644 749 679 uel
764 643 889 679 litteris
905 643 1025 679 latinis
1042 644 1233 691 expressas
1252 664 1299 669 —
1323 644 1384 679 Ad
1404 645 1511 679 finem
1530 645 1613 680 libri
1633 645 1687 680 IV

176 704 335 739 scholion
351 705 430 739 illut
446 710 643 739 extremum
659 703 755 750 quod
780 703 827 738 ad
851 704 1012 739 ordinem
1028 709 1163 750 spectat
1179 710 1284 750 atque
1306 704 1352 739 ad
1366 717 1400 738 v.
1421 704 1560 738 Troiam
1576 716 1687 751 usque

174 763 305 809 tendit,
330 765 368 799 in
384 764 457 799 'hoc
479 764 602 799 codice
625 776 697 798 non
712 763 852 809 legitur.
900 763 1010 798 Liber
1026 765 1172 799 minoris
1189 765 1304 810 pretii.
1336 764 1459 798 Pauca
1472 769 1610 799 tantum
1626 776 1686 800 ex-

176 825 303 871 cerpsi.
338 822 453 870 (Sign.
470 823 522 871 p).

187 891 200 902 ·
266 883 322 918 23.
355 883 443 919 Ood.
469 884 593 917 Pacau.
619 882 684 917 143
705 881 862 917 eiusdem
877 883 1067 928 seminarii,
1084 882 1303 917 chartaceus.
1351 882 1439 917 Erat
1456 882 1539 918 olim
1555 892 1687 919 IACOBI
1705 896 1784 930 (eod.
1800 894 1842 930 P.)

175 953 399 980 FACCIOLATI
414 945 484 979 uiri
501 943 709 988 clarissumi,
726 955 748 978 a
764 955 832 989 quo
850 942 933 978 huic
949 942 1185 979 bibliothecae
1201 944 1267 978 fuit
1283 943 1376 978 dono
1395 943 1508 978 datus.
1540 943 1687 979 Praeter

175 1004 356 1049 Anonymi
378 1004 680 1038 Commentarium
699 1004 736 1036 in
752 1003 944 1051 Paradoxa
960 1003 1143 1037 Ciceronis
1165 1002 1272 1037 habet
1297 1003 1458 1046 ,Acrom's
1482 1002 1685 1037 Commenta-

176 1064 231 1096 rz'a
247 1064 283 1096 in
301 1062 384 1097 duos
402 1062 505 1096 libros
521 1061 718 1096 Sermonum
751 1061 794 1105 Q.
807 1062 948 1096 Horatii
964 1061 1097 1107 Flacci,
1110 1062 1238 1100 deinde
1254 1062 1447 1109 ,Anonymi
1464 1062 1690 1098 Commenta·

175 1123 230 1157 ria
253 1124 291 1157 in
316 1122 476 1167 epistolas
499 1121 663 1165 Horatii‘,
689 1127 764 1155 tum
784 1122 976 1167 ,Anonymi
992 1121 1178 1156 Glossulas
1196 1122 1413 1166 epistolarum
1431 1121 1596 1165 Horatii‘,
1611 1128 1687 1156 tum

175 1180 367 1228 ,Anonymi
384 1181 647 1216 Commentaria
663 1182 700 1215 in
718 1180 822 1214 libros
839 1180 923 1214 duos
936 1180 1133 1215 Sermonum
1148 1180 1312 1226 Horatii‘,
1330 1180 1480 1228 denique
1496 1181 1688 1227 ,Anonymi

178 1241 442 1277 commentaria
458 1243 494 1275 in
511 1240 596 1275 odas
613 1241 744 1286 aliquot
760 1240 845 1274 libri
853 1241 967 1285 primi
978 1241 1121 1275 Horatii
1138 1246 1172 1275 01
1192 1242 1228 1274 in
1250 1240 1443 1285 quindecim
1457 1242 1590 1286 priores
1607 1241 1692 1274 libri

180 1300 352 1335 secund-ie
401 1300 582 1346 Longiora
599 1312 688 1346 quae
710 1300 753 1334 de
769 1300 824 1334 his
841 1301 976 1344 notaui,
1000 1300 1059 1345 1110
1083 1312 1154 1335 11011
1172 1300 1218 1334 ad
1234 1312 1309 1334 rem
1326 1300 1475 1345 faciunt,
1489 1300 1686 1347 ‘aliquoties

176 1367 294 1397 tamen
310 1361 357 1396 ad
374 1360 535 1396 codicem
551 1372 746 1407 prouocare
762 1359 892 1396 licebit.
927 1359 1042 1405 (Sign.
1058 1360 1115 1404 P).

268 1422 323 1456 24.
358 1421 446 1456 Cod.
464 1421 612 1455 Florem.
630 1421 797 1455 Laurent.
814 1420 861 1467 pl.
878 1420 974 1456 XCI·
992 1420 1076 1467 Sup·
1092 1421 1147 1465 22,
1165 1420 1382 1455 chartaceus.
1402 1419 1451 1466 (u.
1465 1420 1577 1456 Catal.
1590 1420 1684 1454 Ban-
1705 1426 1788 1461 (eod.
1801 1427 1838 1459 κ.)

178 1482 260 1516 ‘lim’
271 1494 305 1528 p.
324 1482 390 1516 757
409 1487 443 1516 01
460 1479 555 1527 758).
603 1482 752 1515 Aorom’s
774 1480 1039 1514 Commentarius
1062 1482 1098 1514 in
1119 1481 1280 1526 optet-ellos
1305 1482 1398 1515 inest
1421 1486 1561 1527 praeter
1582 1480 1652 1516 alia
1669 1493 1690 1514 a

175 1542 340 1575 Bandino
370 1543 454 1575 satis
485 1546 648 1575 accurate
673 1545 805 1574 notata.
838 1540 1032 1585 Perperam
1062 1542 1098 1574 111
1128 1540 1182 1574 e'd.
1213 1540 1478 1573 iudscherlz'chz'i
1501 1541 1594 1574 inter
1619 1540 1689 1574 alia

175 1601 310 1635 dictum
338 1606 391 1635 est
416 1600 575 1634 codicem
599 1601 704 1634 etiam
730 1605 914 1634 comment.
939 1600 976 1634 in
1002 1599 1189 1634 Sermones
1214 1599 1410 1646 complecti.
1460 1599 1564 1634 Folia
1579 1599 1688 1634 XLII

175 1660 364 1708 implentur
391 1660 617 1705 Acronianis,
647 1672 736 1707 quae
769 1665 839 1694 tres
868 1665 928 1694 aut
956 1665 1120 1707 quattuor
1149 1659 1286 1695 scribae
1314 1672 1480 1694 exarasse
1511 1660 1687 1694 uidentur.

174 1720 378 1754 Verisimile
399 1726 465 1764 est,
491 1721 606 1753 uirum
630 1720 773 1753 doctum
794 1732 865 1753 una
889 1731 970 1753 cum
986 1719 1145 1765 pluribus
1162 1719 1345 1765 discipulis
1368 1731 1413 1753 ex
1434 1724 1573 1753 vetusto
1595 1719 1687 1754 libro

174 1780 268 1814 hunc
292 1780 582 1814 commentarium
606 1779 851 1825 descripsisse,
878 1780 938 1825 qui
960 1779 1083 1825 incipit
1106 1780 1171 1813 ita:
1213 1778 1404 1825 Proposuit
1428 1778 1571 1814 Oratius
1601 1776 1688 1824 (non

175 1840 356 1883 Horatius,
380 1845 419 1873 ut
443 1839 624 1873 Bandinus
649 1837 772 1883 refert)
799 1839 907 1873 finitis
928 1838 1147 1873 sermonibus
1171 1851 1208 1872 se
1229 1838 1337 1872 nichil
1354 1838 1503 1885 amplius
1521 1838 1687 1873 scribere.

173 1899 248 1934 Cur
264 1904 381 1934 autem
397 1899 463 1933 1100
486 1898 692 1945 opusculum
713 1898 889 1933 addiderit
912 1898 1146 1945 postulatione
1168 1899 1358 1933 mesenatis
1374 1910 1482 1933 causa
1498 1899 1615 1933 extitit
1630 1899 1688 1933 cui

173 1972 304 2004 negare
320 1971 393 1993 non
409 1958 562 1993 audebat
583 1964 648 1993 010.
681 1958 785 2001 ⁴Quid
806 1959 850 1992 de
873 1958 1015 1992 scholiis
1038 1958 1140 1992 huius
1162 1958 1243 1992 libri
1265 1958 1492 1992 iudicandum
1514 1960 1574 2001 sit,
1599 1957 1686 1992 alias

178 2018 391 2053 uidebimus.
439 2017 512 2053 Ubi
530 2030 572 2052 03
588 2017 722 2062 adfero,
740 2018 879 2064 signaui
894 2032 924 2053 κ.

266 2078 322 2112 25.
363 2078 451 2114 Cod.
475 2077 625 2112 Florem.
652 2078 758 2112 Laur.
783 2077 831 2124 pl.
856 2078 1032 2114 XXXIII.
1055 2079 1114 2122 21,
1141 2077 1184 2112 de
1202 2090 1270 2125 quo
1287 2078 1379 2112 conf.
1396 2077 1552 2112 Bandini
1569 2078 1681 2113 Catal.
1703 2081 1783 2116 (eod.
1798 2083 1828 2115 1.)

172 2137 224 2181 ΙΙ,
246 2137 325 2187 105,
348 2138 442 2173 foliis
464 2148 564 2173 CXLV
585 2138 780 2173 chartaceis
802 2138 1004 2173 Florentiae
1026 2143 1191 2173 exaratus
1213 2150 1236 2172 a
1257 2138 1359 2172 Petro
1381 2137 1422 2172 de
1441 2137 1604 2172 Genm'm's
1626 2139 1686 2184 qui

172 2208 247 2230 non
263 2197 377 2242 potuit
393 2198 510 2232 facere
528 2199 613 2245 quin
629 2198 760 2233 haecce
775 2199 845 2232 tria
860 2199 898 2232 in
915 2197 1012 2232 calce
1028 2198 1110 2233 libri
1131 2197 1282 2232 disticha
1298 2197 1503 2243 deponeret:

388 2256 427 2290 Si
444 2258 521 2302 quis
539 2259 628 2292 scire
645 2259 757 2303 cupis,
776 2270 845 2304 qua
861 2258 977 2292 codex
993 2258 1143 2304 scriptus
1160 2258 1198 2291 in
1213 2257 1301 2292 urbe

431 2315 502 2350 Hic
519 2317 596 2361 fuit,
614 2322 648 2351 et
664 2329 795 2352 nomen
810 2318 928 2365 queris
946 2316 1114 2364 (quaeris)
1132 2317 1263 2352 habere
1279 2329 1407 2351 meum.

386 2374 485 2409 Urbe
500 2375 689 2411 florentina
703 2379 910 2426 transcripsi
926 2378 1068 2413 Petrus:
1087 2390 1234 2412 auorum

433 2434 544 2480 Cujus
565 2435 720 2471 Genm'na
735 2443 790 2472 est
803 2439 944 2483 nomine
961 2438 1057 2473 dicta
1073 2438 1209 2473 domus.
1474 2466 1482 2483 3

385 2494 497 2529 Error
512 2495 543 2528 si
559 2495 637 2540 quis
653 2496 755 2540 inest,
774 2497 956 2544 exemplar
973 2499 1108 2532 semina
1124 2499 1224 2532 seuit.
1434 2518 1452 2535 ι
1463 2485 1495 2512 '⁹'

432 2553 471 2588 Si
487 2565 588 2587 secus
606 2565 682 2588 esse
698 2560 812 2600 putas,
830 2556 881 2590 nil
896 2562 982 2602 puto
998 2556 1118 2591 cordis
1135 2557 1254 2592 habes.
1444 2581 1514 2654 .⁴
