1936 2749
1628 125 1675 161 23

168 217 252 263 quin
271 214 338 249 ille
352 214 443 249 liber
466 226 569 261 quem
588 220 687 249 notat
707 214 804 258 ,alter
828 222 890 249 vet.
909 214 1005 259 codf,
1026 215 1143 249 nullus
1171 216 1259 249 alius
1286 218 1331 250 sit
1357 218 1426 251 nisi
1456 217 1514 251 hic
1536 217 1580 253 de
1604 230 1675 265 quo

168 286 283 310 sermo
300 278 364 308 est.
395 273 477 309 Non
493 275 568 309 sine
585 286 713 320 magna
729 273 935 317 eruditione,
953 272 1137 319 diligentia
1153 286 1194 308 ac
1207 274 1376 320 religione
1388 276 1529 311 Marsus
1541 277 1672 313 librum
1684 279 1692 287 ’

167 338 344 368 vetustum
361 345 430 380 quo
446 333 609 368 utebatur
625 334 827 380 exscripsit,
850 332 933 367 hinc
954 332 1038 367 inde
1059 345 1149 379 quae
1166 333 1323 379 alioquin
1338 340 1433 368 recte
1450 334 1610 381 beneque
1626 337 1671 372 ab

167 394 245 441 ipso
267 393 362 428 dicta
385 398 419 428 et
440 394 570 441 scripta
591 394 758 437 fuissent,
780 393 869 427 uitio
887 393 1046 437 cognito,
1071 405 1135 427 sua
1151 393 1294 428 minime
1312 400 1450 428 sectans
1467 394 1598 430 deleuit
1613 407 1672 431 ue—

168 465 313 499 ramque
335 453 416 488 libri
438 455 489 487 sui
512 453 698 488 lectionem
721 453 888 493 restituit.v
932 452 1079 487 Praeter
1099 452 1190 487 hanc
1213 453 1353 488 laudem
1376 453 1491 488 codex
1508 455 1582 489 sine
1599 454 1671 489 ullo

169 518 373 547 ornamento
396 517 462 556 est3
489 514 539 547 sic
562 514 667 547 etiam
689 510 978 556 inscriptionibus
1002 511 1140 556 singula
1161 517 1362 557 poematum
1387 524 1517 557 genera
1538 519 1670 549 carent.

163 572 252 607 'Una
267 577 403 608 tantum
420 585 530 618 eaque
547 571 735 618 peculiaris
749 571 902 604 occurrit
916 570 962 604 ad
975 570 1163 604 Sermones
1176 570 1384 616 epigraphe:
1409 572 1670 618 ,Interpretatio

168 626 366 679 Porphyrii
383 632 420 666 in
437 631 625 667 Sermones
646 628 812 665 Horatii.‘
859 629 940 665 Non
960 629 1087 677 loquor
1109 630 1152 664 de
1169 631 1362 666 mutatione
1378 631 1488 678 ipsius
1506 633 1668 678 nominis,

172 704 261 738 quae
283 694 320 726 in
345 692 421 726 aliis
445 704 582 738 quoque
607 690 789 725 codicibus
808 690 946 724 Horatii
969 690 1074 724 obuia
1096 696 1163 734 est,
1186 696 1224 724 ut
1245 687 1482 726 cod.'Mediol.
1502 692 1668 727 Ambros.

171 751 212 785 R.
230 751 286 785 32.
316 750 400 797 Sup.
419 763 510 785 saec.
529 761 599 794 XV,
618 750 678 795 qui
699 750 736 783 in
752 749 905 795 quinque
922 748 1014 783 foliis
1033 754 1191 783 extremo
1207 749 1297 784 libro
1313 751 1439 796 positis
1456 750 1546 785 hanc
1562 751 1670 786 habet

169 811 448 856 inscriptionem:
466 819 633 853 ,1N01P1T.
657 817 909 843 PORPHIRIUS.
931 818 995 842 DE.
1021 818 1163 843 UARIIS.
1181 818 1416 843 GENERlBUS.
1436 819 1667 845 METRORUM.

169 869 345 904 HORATII‘
361 874 464 915 atque
481 870 608 903 iterum
625 869 661 902 in
678 868 748 902 fine
765 868 1006 901 metricorum:
1027 877 1141 911 ,HAEC
1158 868 1427 911 PORPH1R1U8‘3
1454 869 1602 903 verbum
1620 870 1666 903 in-

169 930 359 973 terpretatio
381 929 476 972 dico,
500 928 593 974 quod
616 928 763 962 vetustis
785 927 1013 973 interpretum
1038 927 1179 961 Horatii
1202 927 1406 974 epigraphis
1430 940 1500 963 non
1524 930 1669 975 propria

169 995 221 1022 est
238 989 273 1022 in
291 988 471 1022 codicibus
491 987 631 1021 saeculo
650 997 702 1020 xv
722 986 911 1032 prioribus.

261 1047 507 1082 Tribus‘foliis
533 1046 746 1081 scholiorum
771 1047 894 1079 uacuis
925 1046 1159 1092 interpositis,
1194 1052 1231 1080 ut
1255 1058 1345 1092 quae
1369 1047 1552 1081 inultima
1577 1049 1667 1094 epis-

125 1095 127 1097 *
169 1107 242 1141 tula
269 1108 433 1142 omiserat
461 1107 579 1141 scriba
608 1111 668 1140 aut
687 1106 895 1152 imperfecta
917 1105 1122 1152 reliquerat,
1146 1106 1214 1141 alio
1239 1108 1489 1153 opportuniore
1510 1112 1667 1154 tempore

168 1172 339 1210 exararet,
357 1167 437 1201 inde
456 1180 476 1200 a
493 1166 576 1201 folio
594 1176 717 1200 CLXIII
741 1165 787 1200 ad

258 1225 296 1271 b)
335 1227 502 1259 Aet-onem
525 1226 665 1269 transit,
694 1226 794 1258 cuius
826 1232 1043 1258 commentum
1070 1227 1105 1258 in
1132 1225 1294 1259 Carmina
1322 1227 1422 1260 inest.
1470 1227 1557 1260 Post
1586 1239 1666 1272 epo-

168 1286 250 1330 dos,
272 1298 418 1332 quorum
442 1286 583 1331 quintus
605 1284 763 1319 decimus
786 1284 1022 1329 desideratur,
1053 1280 1205 1320 Carmen
1228 1285 1406 1320 saeculare
1427 1287 1580 1332 positum
1603 1292 1666 1330 est,

170 1346 268 1380 cuius
286 1346 458 1391 expositio
475 1344 588 1378 tendit
606 1344 652 1378 ad
666 1357 700 1378 v.
718 1344 777 1379 49:
798 1345 902 1378 bubus
919 1345 1008 1378 albis
1024 1350 1058 1379 et
1075 1346 1148 1379 exit
1165 1357 1245 1379 cum
1261 1345 1395 1380 uerbis:
1418 1345 1504 1389 ,uult
1519 1345 1671 1392 itatellzyi

167 1405 383 1449 relz'yz'osanzf
431 1405 473 1438 In
492 1416 559 1450 quo
577 1406 767 1450 interprete
786 1404 974 1438 dolendum
992 1409 1045 1438 est
1062 1405 1225 1448 scribam,
1247 1410 1345 1438 tanta
1362 1417 1465 1450 quem
1483 1405 1667 1450 diligentia

169 1469 202 1497 et
229 1476 312 1497 cura
341 1465 376 1497 in
398 1463 644 1509 Porphyrione
673 1464 847 1508 insignem
868 1463 1168 1509 praedicauimus,
1200 1464 1422 1505 festinantius
1449 1464 1596 1509 perinde
1624 1476 1665 1498 ac

168 1523 279 1557 leuius
301 1535 374 1557 rem
393 1535 490 1556 suam
508 1523 632 1567 egisse.
682 1525 754 1556 Aut
774 1523 884 1568 peiori
907 1528 941 1557 et
961 1534 1087 1556 manco
1112 1535 1195 1556 usus
1217 1522 1306 1557 libro
1329 1527 1394 1565 est,
1418 1528 1478 1556 aut
1500 1523 1605 1557 etiam
1628 1523 1665 1557 in

111 1606 114 1609 ι
168 1596 268 1617 suum
291 1595 391 1616 usum
415 1595 504 1628 quae
526 1583 595 1628 ipsi
619 1582 814 1628 placuerint
835 1582 974 1616 aliunde
997 1582 1147 1627 collegit.
1197 1582 1240 1616 In
1263 1583 1377 1628 prima
1398 1583 1491 1616 enim
1509 1582 1664 1617 Acronis

167 1648 266 1689 parte
283 1641 414 1676 scholia
431 1641 488 1675 uel
509 1641 638 1676 abiecit
653 1641 763 1676 multa
777 1642 835 1676 uel
851 1643 887 1676 in
903 1634 1045 1680 breuius
1067 1647 1191 1676 coacta
1214 1641 1320 1676 dedit.
1353 1641 1448 1676 Hinc
1467 1642 1512 1676 ad
1529 1642 1664 1677 textum

168 1716 201 1749 q.
219 1715 251 1736 u.
269 1702 419 1736 Acronis
436 1702 720 1737 constituendum
738 1715 817 1736 cum
833 1702 877 1736 de
894 1702 1106 1737 scholiorum
1124 1701 1246 1736 ordine
1262 1714 1451 1747 eorumque
1464 1703 1664 1747 integritate

167 1774 290 1807 parum
310 1761 426 1793 facere
448 1757 527 1793 eum
549 1761 804 1805 intellegerem,
830 1766 909 1806 post
929 1761 1010 1794 libri
1034 1762 1138 1806 primi
1156 1761 1260 1794 odam
1278 1771 1350 1794 XI11
1367 1761 1488 1795 labore
1506 1774 1663 1807 superse·

168 1819 249 1855 dere
266 1819 429 1863 diuturno
447 1831 501 1853 me
519 1820 817 1867 posse‘putaba-m,
841 1832 909 1866 quo
923 1819 1060 1866 singula
1078 1831 1236 1866 quaeque
1253 1819 1310 1854 uel
1328 1820 1458 1854 omissa
1475 1820 1530 1854 uel
1547 1826 1663 1854 trans-

166 1881 293 1927 posita*
316 1879 513 1924 religiosius
553 1886 743 1915 enotarem.
797 1881 920 1927 Neque
954 1886 1071 1915 tamen
1105 1894 1159 1915 me
1194 1880 1328 1914 taeduit
1361 1886 1472 1915 totum
1509 1886 1662 1927 praeter-

167 1951 271 1985 quam
297 1939 428 1972 bonum
448 1937 577 1971 librum
598 1940 779 1984 perlegere
800 1945 904 1986 atque
921 1940 1118 1973 accuratius
1134 1945 1349 1985 pertractare
1366 1945 1553 1984 propterea
1568 1940 1661 1985 quod

166 1998 267 2046 plura
285 1998 446 2041 mutauit,
467 1996 504 2031 in
522 1997 683 2033 ordinem
699 1999 837 2045 redegit
854 2005 889 2035 et
905 2000 1059 2034 correxit
1076 2011 1118 2045 ac
1136 1998 1269 2034 scholia
1285 1999 1415 2045 passim
1432 1999 1476 2034 ab
1499 1998 1661 2034 editioni-

165 2060 230 2093 bus
247 2058 425 2107 impressis
443 2056 558 2091 aliena
572 2058 699 2093 intulit.
718 2059 859 2094 Graeca
871 2060 981 2093 uerba
994 2071 1086 2093 nunc
1103 2059 1212 2093 literis
1229 2060 1366 2104 graecis
1383 2059 1462 2105 plus
1478 2060 1662 2104 minusque

165 2129 349 2164 perperam
370 2116 557 2162 expressit,
581 2129 675 2153 nunc
691 2117 837 2153 lacunas
853 2119 897 2153 iis
913 2118 1069 2165 reliquit,
1096 2130 1185 2165 quae
1206 2120 1381 2153 recentior
1402 2131 1526 2152 manus
1547 2130 1661 2152 roma-

164 2178 234 2221 nis,
259 2176 392 2211 scilicet
413 2175 458 2209 ad
484 2175 708 2211 ithacismum
737 2190 770 2224 q.
793 2190 826 2212 u.
852 2178 1019 2224 expleuit.
1075 2177 1146 2211 Ibis
1169 2177 1294 2211 Ouidii
1313 2190 1344 2212 a.
1374 2180 1402 2212 1.
1427 2191 1473 2212 m.
1496 2182 1660 2212 exaratus

164 2241 304 2283 praeter
320 2236 527 2281 interpretes
543 2240 681 2270 nostros
697 2237 799 2272 inest.
827 2234 940 2283 (Sign.
958 2235 1007 2283 2.)
