1936 2749
262 76 287 111 8

139 182 224 219 (ι-Ὶιι..
227 186 242 217 1
362 171 417 206 13.
434 171 559 207 Pie-rm
575 171 1116 212 simonias-flemma,
1128 177 1166 203 v,
1172 176 1207 203 c.
1197 190 1218 212 .,
1230 167 1782 220 mmmm,

265 233 471 278 apparatus,
488 241 592 277 quem
608 227 829 272 stet-&9411
834 227 893 263 edt.
904 227 999 264 ·.B·s
1007 239 1041 263 ⁸-
1058 227 1152 264 1580
1165 226 1785 275 mmmm

264 290 339 326 Per
352 292 465 331 tunm
480 289 658 324 Aaronem
672 286 806 322 dome
817 286 918 322 illius
930 287 1003 327 viri
1020 286 1254 323 colebas-runi
1268 291 1398 335 patent
1401 286 1651 327 ehem
1665 295 1703 327 ot
1712 299 1783 327 m

265 351 452 393 rectiones,
468 359 557 395 quae
573 346 662 382 haut
669 347 776 394 parui
787 351 870 396 sunt
885 347 1055 381 momenti
1069 358 1307 395 magnamque
1322 353 1461 396 partem
1476 360 1523 383 ox
1536 361 1622 385 m
1637 352 1781 398 pot’tne,

266 408 304 444 id
325 409 418 457 quod
437 408 486 442 lit.
504 406 535 441 C
551 407 687 453 passim
708 389 864 450 adiecta,
885 406 1019 440 uidesis
1038 418 1074 453 p.
1099 406 1204 450 1755,
1231 407 1319 443 1757
1337 408 1394 453 al„
1410 409 1612 455 significare
1627 410 1779 446 uidetur.

267 470 309 503 ln
326 467 506 514 superiore
522 465 600 501 solii
614 466 723 513 primi
737 466 776 500 in
792 477 863 512 quo
877 465 1002 500 titulus
1017 470 1071 500 est
1085 471 1187 513 parte
1205 469 1340 515 scripta
1353 468 1518 515 leguntur
1533 468 1681 504 haecce:

356 526 505 573 Inoeptfl
530 525 757 561 Tricassibus
780 525 873 560 Idib.
897 525 1133 572 Septembrib.
1162 535 1396 573 clomoxxm,
1421 528 1467 564 ad
1490 528 1693 564 inferiorem
1718 529 1780 563 ad-

266 587 378 621 ditum
395 591 448 620 est
464 599 594 621 nomen

801 643 899 678 Petri
917 643 1057 690 Pithoej
1075 644 1160 679 Ant.
1178 644 1254 691 filij.

357 703 417 740 Ad
433 704 568 739 calcem
583 705 743 751 ipsorum
760 703 1105 740 Commentariorum
1122 717 1156 751 p.
1172 704 1267 740 2279
1284 707 1402 753 posita
1419 712 1500 742 sunt
1516 707 1619 742 haee:

695 764 872 799 Absolutu
888 768 1080 800 0101οἮ
1091 765 1172 799 Kal.
1189 762 1356 801 Octobris

776 836 797 858 a
813 835 869 858 me
886 822 1012 868 Bilu*)
1032 823 1111 868 (sie)
1128 825 1267 860 Auanc.

743 884 895 929 Biturig.
1064 885 1115 919 itu
1132 887 1243 920 riente
1258 885 1305 931 (‘?)

1094 951 1747 1178 Q:

340 1202 367 1237 ⁴⁶)
407 1203 486 1238 Bilu]
508 1205 596 1230 Linea
623 1205 724 1230 transit
749 1208 880 1237 quattuor
904 1206 953 1230 has
976 1206 1088 1239 literas,
1113 1204 1213 1237 quibus
1236 1205 1371 1229 Pithoeus
1391 1205 1450 1229 siue
1472 1205 1544 1229 alius
1573 1205 1682 1237 quidam
1708 1204 1778 1235 (nam

262 1251 294 1276 P.
307 1252 440 1276 Pithoeus
454 1259 526 1275 anno
540 1251 687 1283 Mnxcvl
699 1254 824 1275 mortuus
838 1254 893 1282 est,
909 1252 985 1281 (vide
1000 1252 1099 1276 Boiuin
1115 1252 1150 1276 de
1163 1252 1329 1276 Villeneuve
1344 1254 1372 1275 et
1386 1250 1528 1282 Grosley.)
1543 1251 1661 1281 fugitiuo
1675 1251 1781 1275 calamo

262 1296 378 1322 uerbum
392 1297 553 1329 Biturigum
567 1296 690 1322 seribere
704 1296 895 1323 incohauerat.

355 1359 415 1393 Ex
424 1359 480 1393 his
489 1363 597 1405 patet,
607 1359 762 1393 scribam
770 1371 815 1393 ne
824 1371 933 1393 unum
945 1359 1087 1405 quidem
1096 1371 1253 1393 mensem
1265 1359 1348 1393 anni
1357 1358 1559 1392 MDCXIII
1568 1358 1781 1404 impendisse

260 1418 378 1453 labori
386 1417 468 1452 huie
478 1417 698 1452 absoluendo
707 1423 811 1464 atque
820 1430 865 1452 ex
875 1418 1016 1453 schedis
1027 1420 1099 1452 suis
1108 1420 1144 1453 in
1154 1418 1253 1452 illum
1260 1417 1389 1452 librum
1397 1417 1633 1451 transiecisse.
1644 1407 1781 1451 Cuncta

261 1478 351 1513 haec
366 1478 404 1512 in
421 1489 538 1512 meum
555 1490 658 1512 usum
674 1478 849 1522 conuerti,
866 1477 969 1524 plura
985 1479 1022 1513 in
1038 1478 1105 1512 hac
1122 1477 1178 1513 ed.
1196 1479 1281 1512 min.
1299 1476 1457 1511 adhibui.
1492 1476 1606 1522 (Sign.
1624 1476 1732 1518 Pith.)

112 1545 193 1578 (eod.
207 1546 247 1575 n.)
363 1538 417 1571 14.
459 1537 548 1572 Ood.
578 1538 754 1571 Romanus
779 1538 990 1572 Urbinouat.
1012 1538 1081 1572 348
1106 1537 1299 1572 membran.
1325 1538 1362 1571 in
1384 1536 1469 1571 folio
1494 1549 1527 1582 q.
1553 1549 1587 1570 u.
1616 1535 1779 1581 longiori.

261 1597 350 1632 Post
365 1597 516 1631 Domitii
531 1596 711 1631 Galderini
728 1597 994 1644 explanationes
1011 1599 1048 1632 in
1064 1596 1271 1632 Iuvenalem
1287 1596 1369 1631 inde
1386 1609 1408 1631 a
1424 1595 1508 1631 folio
1528 1594 1557 1629 C
1575 1596 1711 1642 positus
1727 1600 1782 1629 est

265 1656 534 1691 Commentarius
555 1658 705 1690 Acrom's
721 1657 759 1690 in
776 1657 894 1691 Artem
906 1659 1077 1703 poeticam
1103 1662 1207 1703 atque
1230 1669 1252 1691 a
1268 1657 1328 1691 fol.
1347 1656 1454 1692 CXII
1472 1656 1609 1691 Comm.
1626 1656 1781 1690 Acronis

261 1717 298 1750 in
315 1715 495 1762 epistulas.
520 1716 607 1750 Post
622 1717 733 1751 uerba
748 1716 810 1751 illa
823 1717 902 1750 Non
919 1717 1028 1750 solum
1044 1718 1158 1762 inquit
1172 1729 1239 1750 non
1257 1716 1361 1750 laudo
1377 1718 1415 1750 in
1431 1716 1528 1750 ealce
1545 1715 1685 1749 adiecta
1700 1719 1783 1749 sunt

263 1787 285 1809 a
300 1776 416 1822 prima
431 1787 539 1809 manu
555 1775 701 1810 haecce:
736 1777 859 1810 Fusus.
877 1786 986 1811 MANU
1003 1786 1144 1811 Ancum
1160 1785 1369 1811 CALmNffls.
1387 1785 1503 1810 11111111.
1536 1774 1647 1809 Liber
1663 1775 1784 1822 pictus

263 1840 318 1869 est
334 1840 439 1881 atque
456 1835 620 1871 omnibus
637 1836 797 1882 partibus
813 1837 1079 1881 ornatis-isumus,
1098 1837 1229 1883 quippe
1247 1838 1340 1870 enim
1352 1836 1474 1870 literae
1486 1834 1639 1869 initiales
1652 1846 1782 1868 aureae

263 1906 344 1928 cum
361 1894 489 1939 rubris,
507 1894 683 1929 viridibus
705 1895 947 1942 caeruleisque
964 1896 1193 1930 alternantur.
1242 1896 1368 1931 Codex
1398 1907 1471 1930 non
1496 1906 1541 1928 ex
1565 1893 1645 1928 edd.
1666 1894 1781 1940 princ.

263 1954 461 2000 descriptus
479 1959 543 1998 est,
560 1953 599 1989 id
615 1954 711 2001 quod
728 1967 773 1989 ex
789 1961 889 2001 parte
907 1968 1013 2002 quam
1026 1957 1229 1990 examinaui
1242 1957 1424 2000 cognitum
1439 1954 1566 1989 habeo.
1598 1953 1712 1999 (Sign.
1729 1953 1782 1996 u).

109 2020 191 2051 (eod.
208 2017 245 2053 9.)
362 2013 415 2047 15.
457 2013 547 2048 Ood.
560 2013 738 2047 Romanus
748 2014 827 2047 vat.
847 2015 936 2049 1517
954 2015 1147 2049 membran.
1168 2015 1261 2049 foliis
1278 2024 1372 2049 CVIII
1389 2015 1427 2048 in
1442 2013 1527 2047 folio
1545 2025 1577 2059 q.
1595 2012 1629 2047 d.
1646 2013 1784 2046 minore

261 2072 301 2106 in
310 2071 416 2106 Italia
428 2078 604 2117 exaratus,
623 2074 809 2108 continens
818 2073 970 2109 Acronis
987 2073 1112 2108 Gomm.
1127 2075 1164 2108 in
1178 2075 1335 2108 carmina
1353 2072 1467 2118 (odas,
1481 2072 1615 2120 epodos
1630 2077 1664 2107 et
1672 2083 1783 2107 carm.

263 2134 371 2174 saec.)
383 2138 484 2178 atque
494 2133 531 2166 in
542 2134 835 2179 Artempoen'cam
844 2146 955 2181 usque
965 2134 1012 2169 ad
1026 2147 1059 2169 v,
1080 2134 1162 2169 138:
1186 2134 1384 2168 Difficile
1406 2138 1467 2168 est
1483 2134 1656 2180 proprie
1673 2144 1783 2167 com-

262 2192 405 2226 munia
422 2191 575 2226 dicere.
600 2193 670 2227 Hic
686 2193 776 2228 liber
793 2206 1007 2241 quamquam
1020 2194 1181 2241 plurimis
1199 2198 1334 2228 scateat
1350 2193 1498 2238 mendis,
1516 2205 1603 2239 quas
1621 2197 1656 2226 et
1671 2191 1784 2236 negli-

263 2253 405 2296 gentiae
428 2256 465 2286 et
485 2252 675 2287 uecordiae
699 2254 874 2300 imputare
899 2253 982 2289 licet
1006 2254 1161 2298 scribae,
1186 2259 1305 2288 tamen
1321 2266 1394 2288 non
1409 2253 1514 2299 plane
1532 2251 1783 2297 despiciendus

263 2316 325 2355 est,
336 2319 417 2346 cum
431 2323 504 2346 non
513 2323 560 2346 ex
567 2311 659 2346 libro
666 2317 750 2346 tuno
760 2315 930 2360 temporis
942 2315 1115 2361 impresso
1126 2326 1207 2349 eum
1221 2318 1275 2348 set
1287 2325 1334 2348 ex
1351 2312 1420 2347 alio
1438 2312 1606 2361 quopiam
1622 2310 1708 2346 cod.-
1716 2323 1784 2345 ms;

264 2381 374 2416 eoque
386 2371 525 2407 meliori
539 2371 740 2418 profectum
753 2372 998 2407 intellexerim.
1021 2373 1169 2408 Praeter
1181 2374 1273 2407 uitas
1287 2377 1425 2419 partem
1440 2370 1583 2407 contuli.
1606 2370 1719 2417 (Sign.
1730 2368 1784 2416 9).

112 2440 198 2471 (000.
215 2439 245 2469 t.)
362 2431 415 2463 16.
449 2430 539 2465 cod.
556 2431 655 2465 Rom.
673 2432 755 2465 Vat„
776 2431 866 2465 1515
882 2433 1076 2479 membran.
1094 2433 1229 2466 formae
1247 2424 1280 2478 'q.
1299 2432 1334 2466 d.
1349 2433 1387 2466 in
1404 2431 1500 2475 folio,
1517 2432 1555 2465 in
1571 2431 1678 2465 Italia
1695 2431 1784 2464 satis

262 2486 359 2522 clare
368 2492 403 2522 et
412 2487 599 2535 diligenter
608 2496 786 2536 exaratus,
800 2496 968 2527 constans
978 2490 1072 2527 foliis
1085 2499 1189 2528 CLXII
1206 2503 1295 2539 quae
1311 2492 1463 2527 offerunt
1477 2490 1633 2527 Acrom's
1643 2490 1785 2526 Comm-
