<?xml version="1.0" encoding="UTF-8"?>
<!DOCTYPE html PUBLIC "-//W3C//DTD XHTML 1.0 Transitional//EN"
    "http://www.w3.org/TR/xhtml1/DTD/xhtml1-transitional.dtd">
<html xmlns="http://www.w3.org/1999/xhtml" xml:lang="en" lang="en">
 <head>
  <title>
</title>
<meta http-equiv="Content-Type" content="text/html;charset=utf-8" />
  <meta name='ocr-system' content='tesseract 3.04.00' />
  <meta name='ocr-capabilities' content='ocr_page ocr_carea ocr_par ocr_line ocrx_word'/>
</head>
<body>
  <div class='ocr_page' id='page_1' title='image "4621501_0024.png"; bbox 0 0 1936 2749; ppageno 0'>
   <div class='ocr_carea' id='block_1_1' title="bbox 273 115 318 151">
    <p class='ocr_par' dir='ltr' id='par_1_1' title="bbox 273 115 318 151">
     <span class='ocr_line' id='line_1_1' title="bbox 273 115 318 151; baseline -0.022 0"><span class='ocrx_word' id='word_1_1' title='bbox 273 115 318 151; x_wconf 87' lang='grc'><strong>16</strong></span> 
     </span>
    </p>
   </div>
   <div class='ocr_carea' id='block_1_2' title="bbox 265 202 1785 307">
    <p class='ocr_par' dir='ltr' id='par_1_2' title="bbox 265 202 1785 307">
     <span class='ocr_line' id='line_1_2' title="bbox 266 202 1785 251; baseline -0.002 -11"><span class='ocrx_word' id='word_1_2' title='bbox 266 215 384 240; x_wconf 76' lang='lat' dir='ltr'><strong>ramus</strong></span> <span class='ocrx_word' id='word_1_3' title='bbox 401 205 478 239; x_wconf 86' lang='lat' dir='ltr'><strong>fore</strong></span> <span class='ocrx_word' id='word_1_4' title='bbox 494 209 534 239; x_wconf 90' lang='lat' dir='ltr'><strong>ut</strong></span> <span class='ocrx_word' id='word_1_5' title='bbox 549 209 735 251; x_wconf 83' lang='lat' dir='ltr'><strong>promanet</strong></span> <span class='ocrx_word' id='word_1_6' title='bbox 757 203 876 250; x_wconf 76' lang='lat' dir='ltr'><strong>aliqua</strong></span> <span class='ocrx_word' id='word_1_7' title='bbox 898 202 1008 244; x_wconf 81' lang='lat' dir='ltr'><strong>salus,</strong></span> <span class='ocrx_word' id='word_1_8' title='bbox 1032 214 1077 236; x_wconf 87' lang='lat' dir='ltr'><strong>ne</strong></span> <span class='ocrx_word' id='word_1_9' title='bbox 1101 202 1219 236; x_wconf 74' lang='lat' dir='ltr'><strong>dicam</strong></span> <span class='ocrx_word' id='word_1_10' title='bbox 1242 208 1342 237; x_wconf 70' lang='lat' dir='ltr'><strong>certa</strong></span> <span class='ocrx_word' id='word_1_11' title='bbox 1365 204 1503 239; x_wconf 82' lang='lat' dir='ltr'><strong>medela</strong></span> <span class='ocrx_word' id='word_1_12' title='bbox 1529 209 1583 238; x_wconf 85' lang='lat' dir='ltr'><strong>tot</strong></span> <span class='ocrx_word' id='word_1_13' title='bbox 1607 204 1785 250; x_wconf 76' lang='lat' dir='ltr'><strong>tantisque</strong></span> 
     </span>
     <span class='ocr_line' id='line_1_3' title="bbox 265 259 1395 307; baseline -0.004 -8"><span class='ocrx_word' id='word_1_14' title='bbox 265 265 354 299; x_wconf 85' lang='lat' dir='ltr'><strong>locis</strong></span> <span class='ocrx_word' id='word_1_15' title='bbox 374 266 504 299; x_wconf 84' lang='lat' dir='ltr'><strong>mirum</strong></span> <span class='ocrx_word' id='word_1_16' title='bbox 523 266 562 299; x_wconf 91' lang='lat' dir='ltr'><strong>in</strong></span> <span class='ocrx_word' id='word_1_17' title='bbox 578 264 724 298; x_wconf 90' lang='lat' dir='ltr'><strong>modum</strong></span> <span class='ocrx_word' id='word_1_18' title='bbox 736 264 885 298; x_wconf 80' lang='lat' dir='ltr'><strong>vexatis.</strong></span> <span class='ocrx_word' id='word_1_19' title='bbox 922 259 1035 306; x_wconf 84' lang='lat' dir='ltr'><strong>(Sign.</strong></span> <span class='ocrx_word' id='word_1_20' title='bbox 1053 261 1092 295; x_wconf 85' lang='lat' dir='ltr'>M</span> <span class='ocrx_word' id='word_1_21' title='bbox 1111 280 1154 286; x_wconf 94' lang='lat'><strong>—-</strong></span> <span class='ocrx_word' id='word_1_22' title='bbox 1171 260 1217 295; x_wconf 83' lang='lat' dir='ltr'><strong>ad</strong></span> <span class='ocrx_word' id='word_1_23' title='bbox 1232 260 1395 307; x_wconf 89' lang='lat' dir='ltr'><strong>Porph.).</strong></span> 
     </span>
    </p>
   </div>
   <div class='ocr_carea' id='block_1_3' title="bbox 363 426 1783 474">
    <p class='ocr_par' dir='ltr' id='par_1_3' title="bbox 363 426 1783 474">
     <span class='ocr_line' id='line_1_4' title="bbox 363 426 1783 474; baseline -0.003 -10"><span class='ocrx_word' id='word_1_24' title='bbox 363 429 514 465; x_wconf 82' lang='lat' dir='ltr'><strong>Codices</strong></span> <span class='ocrx_word' id='word_1_25' title='bbox 541 429 601 474; x_wconf 87' lang='lat' dir='ltr'><strong>qui</strong></span> <span class='ocrx_word' id='word_1_26' title='bbox 625 427 794 473; x_wconf 82' lang='lat' dir='ltr'><strong>deinceps</strong></span> <span class='ocrx_word' id='word_1_27' title='bbox 819 426 986 472; x_wconf 80' lang='lat' dir='ltr'><strong>descripti</strong></span> <span class='ocrx_word' id='word_1_28' title='bbox 1004 431 1198 472; x_wconf 86' lang='lat' dir='ltr'><strong>sequuntur</strong></span> <span class='ocrx_word' id='word_1_29' title='bbox 1215 438 1335 461; x_wconf 87' lang='lat' dir='ltr'><strong>omnes</strong></span> <span class='ocrx_word' id='word_1_30' title='bbox 1353 426 1399 461; x_wconf 80' lang='lat' dir='ltr'><strong>ad</strong></span> <span class='ocrx_word' id='word_1_31' title='bbox 1416 435 1508 460; x_wconf 85' lang='lat' dir='ltr'><strong>saec.</strong></span> <span class='ocrx_word' id='word_1_32' title='bbox 1526 426 1596 461; x_wconf 91' lang='lat' dir='ltr'><strong>XV</strong></span> <span class='ocrx_word' id='word_1_33' title='bbox 1613 432 1783 473; x_wconf 86' lang='lat' dir='ltr'><strong>spectant.</strong></span> 
     </span>
    </p>
   </div>
   <div class='ocr_carea' id='block_1_4' title="bbox 116 499 1786 2582">
    <p class='ocr_par' dir='ltr' id='par_1_4' title="bbox 118 499 1786 1323">
     <span class='ocr_line' id='line_1_5' title="bbox 118 499 1786 547; baseline 0.001 -13"><span class='ocrx_word' id='word_1_34' title='bbox 118 504 198 543; x_wconf 78' lang='lat' dir='ltr'><strong>(eod.</strong></span> <span class='ocrx_word' id='word_1_35' title='bbox 212 508 256 541; x_wconf 78' lang='lat' dir='ltr'><strong>A.)</strong></span> <span class='ocrx_word' id='word_1_36' title='bbox 359 504 414 537; x_wconf 85' lang='lat'><strong>32.</strong></span> <span class='ocrx_word' id='word_1_37' title='bbox 436 503 558 536; x_wconf 74' lang='lat' dir='ltr'><strong>Pmm</strong></span> <span class='ocrx_word' id='word_1_38' title='bbox 568 510 751 535; x_wconf 72' lang='lat' dir='ltr'><strong>DANlEms</strong></span> <span class='ocrx_word' id='word_1_39' title='bbox 762 505 951 547; x_wconf 78' lang='lat' dir='ltr'><strong>apparatus</strong></span> <span class='ocrx_word' id='word_1_40' title='bbox 961 501 1022 546; x_wconf 92' lang='lat' dir='ltr'><strong>qui</strong></span> <span class='ocrx_word' id='word_1_41' title='bbox 1034 499 1216 534; x_wconf 75' lang='lat' dir='ltr'><strong>codicibus</strong></span> <span class='ocrx_word' id='word_1_42' title='bbox 1228 512 1312 535; x_wconf 83' lang='lat' dir='ltr'><strong>mss.</strong></span> <span class='ocrx_word' id='word_1_43' title='bbox 1330 501 1544 547; x_wconf 86' lang='lat' dir='ltr'><strong>compositus</strong></span> <span class='ocrx_word' id='word_1_44' title='bbox 1556 506 1620 544; x_wconf 86' lang='lat' dir='ltr'><strong>est,</strong></span> <span class='ocrx_word' id='word_1_45' title='bbox 1637 512 1786 546; x_wconf 88' lang='lat' dir='ltr'><strong>quorum</strong></span> 
     </span>
     <span class='ocr_line' id='line_1_6' title="bbox 266 558 1784 608; baseline -0.001 -12"><span class='ocrx_word' id='word_1_46' title='bbox 266 563 434 597; x_wconf 88' lang='lat' dir='ltr'><strong>lectiones</strong></span> <span class='ocrx_word' id='word_1_47' title='bbox 452 560 648 608; x_wconf 82' lang='lat' dir='ltr'><strong>exemplari</strong></span> <span class='ocrx_word' id='word_1_48' title='bbox 665 560 720 595; x_wconf 89' lang='lat' dir='ltr'><strong>ed.</strong></span> <span class='ocrx_word' id='word_1_49' title='bbox 734 560 843 594; x_wconf 86' lang='lat' dir='ltr'><strong>Basil.</strong></span> <span class='ocrx_word' id='word_1_50' title='bbox 862 572 893 593; x_wconf 88' lang='lat' dir='ltr'><strong>a.</strong></span> <span class='ocrx_word' id='word_1_51' title='bbox 915 559 1004 593; x_wconf 86' lang='lat'>1555</span> <span class='ocrx_word' id='word_1_52' title='bbox 1020 560 1058 593; x_wconf 90' lang='lat' dir='ltr'><strong>in</strong></span> <span class='ocrx_word' id='word_1_53' title='bbox 1072 558 1291 594; x_wconf 84' lang='lat' dir='ltr'><strong>bibliotheca</strong></span> <span class='ocrx_word' id='word_1_54' title='bbox 1303 561 1435 594; x_wconf 90' lang='lat' dir='ltr'><strong>ciuium</strong></span> <span class='ocrx_word' id='word_1_55' title='bbox 1444 560 1671 593; x_wconf 75' lang='lat' dir='ltr'><strong>Bernensium</strong></span> <span class='ocrx_word' id='word_1_56' title='bbox 1689 559 1784 606; x_wconf 87' lang='lat' dir='ltr'><strong>quod</strong></span> 
     </span>
     <span class='ocr_line' id='line_1_7' title="bbox 266 619 1782 666; baseline -0.001 -11"><span class='ocrx_word' id='word_1_57' title='bbox 266 626 483 665; x_wconf 78' lang='lat' dir='ltr'><strong>assei-natur,</strong></span> <span class='ocrx_word' id='word_1_58' title='bbox 522 621 721 666; x_wconf 87' lang='lat' dir='ltr'><strong>adscriptae</strong></span> <span class='ocrx_word' id='word_1_59' title='bbox 751 620 925 664; x_wconf 83' lang='lat' dir='ltr'><strong>leguntur.</strong></span> <span class='ocrx_word' id='word_1_60' title='bbox 984 619 1085 662; x_wconf 78' lang='lat' dir='ltr'><strong>Quae</strong></span> <span class='ocrx_word' id='word_1_61' title='bbox 1109 619 1277 653; x_wconf 85' lang='lat' dir='ltr'><strong>lectiones</strong></span> <span class='ocrx_word' id='word_1_62' title='bbox 1306 619 1455 653; x_wconf 90' lang='lat' dir='ltr'><strong>duorum</strong></span> <span class='ocrx_word' id='word_1_63' title='bbox 1494 624 1574 653; x_wconf 89' lang='lat' dir='ltr'><strong>sunt</strong></span> <span class='ocrx_word' id='word_1_64' title='bbox 1607 619 1782 664; x_wconf 88' lang='lat' dir='ltr'><strong>codicum,</strong></span> 
     </span>
     <span class='ocr_line' id='line_1_8' title="bbox 266 678 1780 727; baseline -0.001 -13"><span class='ocrx_word' id='word_1_65' title='bbox 266 693 415 727; x_wconf 86' lang='lat' dir='ltr'><strong>quorum</strong></span> <span class='ocrx_word' id='word_1_66' title='bbox 433 680 522 714; x_wconf 89' lang='lat' dir='ltr'><strong>alter</strong></span> <span class='ocrx_word' id='word_1_67' title='bbox 538 693 571 726; x_wconf 90' lang='lat' dir='ltr'><strong>p.</strong></span> <span class='ocrx_word' id='word_1_68' title='bbox 589 680 658 714; x_wconf 82' lang='lat'><strong>203</strong></span> <span class='ocrx_word' id='word_1_69' title='bbox 677 685 712 713; x_wconf 90' lang='lat' dir='ltr'><strong>et</strong></span> <span class='ocrx_word' id='word_1_70' title='bbox 728 692 761 725; x_wconf 91' lang='lat' dir='ltr'><strong>p.</strong></span> <span class='ocrx_word' id='word_1_71' title='bbox 781 679 860 723; x_wconf 79' lang='lat'><strong>285,</strong></span> <span class='ocrx_word' id='word_1_72' title='bbox 878 679 957 713; x_wconf 91' lang='lat' dir='ltr'><strong>Vet.</strong></span> <span class='ocrx_word' id='word_1_73' title='bbox 977 678 1056 713; x_wconf 86' lang='lat' dir='ltr'><strong>cod.</strong></span> <span class='ocrx_word' id='word_1_74' title='bbox 1074 678 1115 711; x_wconf 88' lang='lat' dir='ltr'><strong>P.</strong></span> <span class='ocrx_word' id='word_1_75' title='bbox 1134 679 1251 712; x_wconf 79' lang='lat' dir='ltr'><strong>Marsi</strong></span> <span class='ocrx_word' id='word_1_76' title='bbox 1263 684 1498 725; x_wconf 88' lang='lat' dir='ltr'><strong>nuncupatur.</strong></span> <span class='ocrx_word' id='word_1_77' title='bbox 1541 679 1647 713; x_wconf 90' lang='lat' dir='ltr'><strong>Hunc</strong></span> <span class='ocrx_word' id='word_1_78' title='bbox 1664 680 1780 726; x_wconf 89' lang='lat' dir='ltr'><strong>ipsum</strong></span> 
     </span>
     <span class='ocr_line' id='line_1_9' title="bbox 266 737 1780 782; baseline -0.001 -8"><span class='ocrx_word' id='word_1_79' title='bbox 266 752 342 774; x_wconf 88' lang='lat' dir='ltr'><strong>esse</strong></span> <span class='ocrx_word' id='word_1_80' title='bbox 359 739 511 773; x_wconf 90' lang='lat' dir='ltr'><strong>eundem</strong></span> <span class='ocrx_word' id='word_1_81' title='bbox 528 751 610 773; x_wconf 89' lang='lat' dir='ltr'><strong>cum</strong></span> <span class='ocrx_word' id='word_1_82' title='bbox 625 739 703 773; x_wconf 87' lang='lat' dir='ltr'><strong>cod.</strong></span> <span class='ocrx_word' id='word_1_83' title='bbox 726 751 789 772; x_wconf 91' lang='lat' dir='ltr'><strong>ms.</strong></span> <span class='ocrx_word' id='word_1_84' title='bbox 808 739 980 772; x_wconf 87' lang='lat' dir='ltr'><strong>Beruensi</strong></span> <span class='ocrx_word' id='word_1_85' title='bbox 997 738 1040 771; x_wconf 89' lang='lat' dir='ltr'><strong>N.</strong></span> <span class='ocrx_word' id='word_1_86' title='bbox 1059 739 1138 782; x_wconf 83' lang='lat'><strong>516,</strong></span> <span class='ocrx_word' id='word_1_87' title='bbox 1159 738 1253 780; x_wconf 88' lang='lat' dir='ltr'><strong>(uide</strong></span> <span class='ocrx_word' id='word_1_88' title='bbox 1271 738 1417 772; x_wconf 85' lang='lat' dir='ltr'><strong>inferius</strong></span> <span class='ocrx_word' id='word_1_89' title='bbox 1442 738 1507 772; x_wconf 90' lang='lat' dir='ltr'><strong>sub</strong></span> <span class='ocrx_word' id='word_1_90' title='bbox 1525 737 1561 782; x_wconf 69' lang='lat'><strong>³¹⁵)</strong></span> <span class='ocrx_word' id='word_1_91' title='bbox 1580 750 1626 772; x_wconf 87' lang='lat' dir='ltr'><strong>ex</strong></span> <span class='ocrx_word' id='word_1_92' title='bbox 1638 750 1680 773; x_wconf 85' lang='lat' dir='ltr'><strong>eo</strong></span> <span class='ocrx_word' id='word_1_93' title='bbox 1698 750 1780 773; x_wconf 90' lang='lat' dir='ltr'><strong>con-</strong></span> 
     </span>
     <span class='ocr_line' id='line_1_10' title="bbox 266 797 1782 847; baseline -0.001 -13"><span class='ocrx_word' id='word_1_94' title='bbox 266 799 387 845; x_wconf 83' lang='lat' dir='ltr'><strong>cludo,</strong></span> <span class='ocrx_word' id='word_1_95' title='bbox 416 799 512 847; x_wconf 90' lang='lat' dir='ltr'><strong>quod</strong></span> <span class='ocrx_word' id='word_1_96' title='bbox 533 800 571 834; x_wconf 91' lang='lat' dir='ltr'><strong>in</strong></span> <span class='ocrx_word' id='word_1_97' title='bbox 588 798 686 834; x_wconf 86' lang='lat' dir='ltr'><strong>calce</strong></span> <span class='ocrx_word' id='word_1_98' title='bbox 709 798 853 844; x_wconf 84' lang='lat' dir='ltr'><strong>legitur:</strong></span> <span class='ocrx_word' id='word_1_99' title='bbox 880 797 1015 843; x_wconf 67' lang='lat' dir='ltr'><strong>,Petrus</strong></span> <span class='ocrx_word' id='word_1_100' title='bbox 1033 797 1173 832; x_wconf 67' lang='lat' dir='ltr'><strong>Marsus</strong></span> <span class='ocrx_word' id='word_1_101' title='bbox 1197 797 1344 832; x_wconf 79' lang='lat' dir='ltr'><strong>Viterbiz&#39;</strong></span> <span class='ocrx_word' id='word_1_102' title='bbox 1362 799 1504 846; x_wconf 85' lang='lat' dir='ltr'><strong>scripsit</strong></span> <span class='ocrx_word' id='word_1_103' title='bbox 1525 798 1558 834; x_wconf 93' lang='lat' dir='ltr'><strong>b.</strong></span> <span class='ocrx_word' id='word_1_104' title='bbox 1581 811 1612 833; x_wconf 86' lang='lat' dir='ltr'><strong>a.</strong></span> <span class='ocrx_word' id='word_1_105' title='bbox 1631 798 1676 833; x_wconf 92' lang='lat' dir='ltr'><strong>X.</strong></span> <span class='ocrx_word' id='word_1_106' title='bbox 1698 811 1732 845; x_wconf 92' lang='lat' dir='ltr'><strong>p.</strong></span> <span class='ocrx_word' id='word_1_107' title='bbox 1755 799 1782 845; x_wconf 27' lang='lat' dir='ltr'><strong>i.-</strong></span> 
     </span>
     <span class='ocr_line' id='line_1_11' title="bbox 266 858 1783 904; baseline -0.001 -10"><span class='ocrx_word' id='word_1_108' title='bbox 266 871 359 894; x_wconf 88' lang='lat' dir='ltr'><strong>anno</strong></span> <span class='ocrx_word' id='word_1_109' title='bbox 377 859 440 893; x_wconf 84' lang='lat' dir='ltr'><strong>sal.</strong></span> <span class='ocrx_word' id='word_1_110' title='bbox 462 859 583 903; x_wconf 79' lang='lat'>1472‘‚-</span> <span class='ocrx_word' id='word_1_111' title='bbox 592 859 721 893; x_wconf 90' lang='lat' dir='ltr'><strong>deinde</strong></span> <span class='ocrx_word' id='word_1_112' title='bbox 744 858 839 904; x_wconf 93' lang='lat' dir='ltr'><strong>quod</strong></span> <span class='ocrx_word' id='word_1_113' title='bbox 862 860 1001 904; x_wconf 86' lang='lat' dir='ltr'><strong>utrique</strong></span> <span class='ocrx_word' id='word_1_114' title='bbox 1017 858 1123 901; x_wconf 85' lang='lat' dir='ltr'><strong>libro,</strong></span> <span class='ocrx_word' id='word_1_115' title='bbox 1141 858 1331 892; x_wconf 82' lang='lat' dir='ltr'><strong>editionem</strong></span> <span class='ocrx_word' id='word_1_116' title='bbox 1348 859 1428 892; x_wconf 91' lang='lat' dir='ltr'><strong>dico</strong></span> <span class='ocrx_word' id='word_1_117' title='bbox 1446 871 1477 892; x_wconf 88' lang='lat' dir='ltr'><strong>a.</strong></span> <span class='ocrx_word' id='word_1_118' title='bbox 1498 859 1598 902; x_wconf 81' lang='lat'>1555,</span> <span class='ocrx_word' id='word_1_119' title='bbox 1616 864 1650 893; x_wconf 89' lang='lat' dir='ltr'><strong>et</strong></span> <span class='ocrx_word' id='word_1_120' title='bbox 1666 859 1783 893; x_wconf 87' lang='lat' dir='ltr'><strong>codici</strong></span> 
     </span>
     <span class='ocr_line' id='line_1_12' title="bbox 266 917 1782 965; baseline -0.001 -13"><span class='ocrx_word' id='word_1_121' title='bbox 266 919 354 963; x_wconf 80' lang='lat'><strong>516,</strong></span> <span class='ocrx_word' id='word_1_122' title='bbox 381 918 597 965; x_wconf 75' lang='lat' dir='ltr'><strong>Bonyarez&#39;us</strong></span> <span class='ocrx_word' id='word_1_123' title='bbox 620 917 699 962; x_wconf 84' lang='lat' dir='ltr'><strong>ille,</strong></span> <span class='ocrx_word' id='word_1_124' title='bbox 725 919 782 952; x_wconf 91' lang='lat' dir='ltr'><strong>uir</strong></span> <span class='ocrx_word' id='word_1_125' title='bbox 802 920 840 952; x_wconf 91' lang='lat' dir='ltr'><strong>in</strong></span> <span class='ocrx_word' id='word_1_126' title='bbox 863 917 975 952; x_wconf 81' lang='lat' dir='ltr'><strong>literis</strong></span> <span class='ocrx_word' id='word_1_127' title='bbox 992 917 1217 964; x_wconf 79' lang='lat' dir='ltr'><strong>praeclarus,</strong></span> <span class='ocrx_word' id='word_1_128' title='bbox 1243 929 1265 951; x_wconf 87' lang='lat' dir='ltr'><strong>a</strong></span> <span class='ocrx_word' id='word_1_129' title='bbox 1283 929 1352 964; x_wconf 92' lang='lat' dir='ltr'><strong>quo</strong></span> <span class='ocrx_word' id='word_1_130' title='bbox 1374 917 1518 964; x_wconf 84' lang='lat' dir='ltr'><strong>plurimi</strong></span> <span class='ocrx_word' id='word_1_131' title='bbox 1541 919 1636 964; x_wconf 86' lang='lat' dir='ltr'><strong>iique</strong></span> <span class='ocrx_word' id='word_1_132' title='bbox 1659 918 1782 965; x_wconf 86' lang='lat' dir='ltr'><strong>optimi</strong></span> 
     </span>
     <span class='ocr_line' id='line_1_13' title="bbox 263 975 1781 1024; baseline 0 -11"><span class='ocrx_word' id='word_1_133' title='bbox 263 978 405 1013; x_wconf 88' lang='lat' dir='ltr'><strong>codices</strong></span> <span class='ocrx_word' id='word_1_134' title='bbox 418 979 572 1013; x_wconf 88' lang='lat' dir='ltr'><strong>Bernam</strong></span> <span class='ocrx_word' id='word_1_135' title='bbox 587 978 709 1013; x_wconf 83' lang='lat' dir='ltr'><strong>traditi</strong></span> <span class='ocrx_word' id='word_1_136' title='bbox 725 984 816 1023; x_wconf 79' lang='lat' dir='ltr'><strong>sunt,</strong></span> <span class='ocrx_word' id='word_1_137' title='bbox 833 990 963 1013; x_wconf 92' lang='lat' dir='ltr'><strong>nomen</strong></span> <span class='ocrx_word' id='word_1_138' title='bbox 980 990 1081 1012; x_wconf 89' lang='lat' dir='ltr'><strong>suum</strong></span> <span class='ocrx_word' id='word_1_139' title='bbox 1098 978 1308 1024; x_wconf 83' lang='lat' dir='ltr'><strong>anteposuit.</strong></span> <span class='ocrx_word' id='word_1_140' title='bbox 1335 977 1472 1012; x_wconf 89' lang='lat' dir='ltr'><strong>Eadem</strong></span> <span class='ocrx_word' id='word_1_141' title='bbox 1486 975 1604 1022; x_wconf 81' lang='lat' dir='ltr'><strong>(Petri</strong></span> <span class='ocrx_word' id='word_1_142' title='bbox 1621 977 1781 1013; x_wconf 84' lang='lat' dir='ltr'><strong>Danielis</strong></span> 
     </span>
     <span class='ocr_line' id='line_1_14' title="bbox 264 1033 1780 1084; baseline -0.001 -11"><span class='ocrx_word' id='word_1_143' title='bbox 264 1040 332 1081; x_wconf 85' lang='lat' dir='ltr'><strong>est)</strong></span> <span class='ocrx_word' id='word_1_144' title='bbox 349 1051 488 1082; x_wconf 85' lang='lat' dir='ltr'><strong>manus,</strong></span> <span class='ocrx_word' id='word_1_145' title='bbox 514 1050 604 1084; x_wconf 90' lang='lat' dir='ltr'><strong>quae</strong></span> <span class='ocrx_word' id='word_1_146' title='bbox 633 1033 859 1072; x_wconf 82' lang='lat' dir='ltr'><strong>collationem</strong></span> <span class='ocrx_word' id='word_1_147' title='bbox 874 1040 912 1072; x_wconf 91' lang='lat' dir='ltr'><strong>in</strong></span> <span class='ocrx_word' id='word_1_148' title='bbox 934 1038 988 1072; x_wconf 90' lang='lat' dir='ltr'><strong>ed.</strong></span> <span class='ocrx_word' id='word_1_149' title='bbox 1012 1050 1043 1071; x_wconf 84' lang='lat' dir='ltr'><strong>a.</strong></span> <span class='ocrx_word' id='word_1_150' title='bbox 1065 1038 1154 1071; x_wconf 87' lang='lat'>1555</span> <span class='ocrx_word' id='word_1_151' title='bbox 1180 1038 1350 1081; x_wconf 87' lang='lat' dir='ltr'><strong>exhibuit,</strong></span> <span class='ocrx_word' id='word_1_152' title='bbox 1375 1039 1412 1071; x_wconf 89' lang='lat' dir='ltr'><strong>in</strong></span> <span class='ocrx_word' id='word_1_153' title='bbox 1428 1037 1488 1071; x_wconf 94' lang='lat' dir='ltr'><strong>illo</strong></span> <span class='ocrx_word' id='word_1_154' title='bbox 1507 1037 1631 1072; x_wconf 89' lang='lat' dir='ltr'><strong>codice</strong></span> <span class='ocrx_word' id='word_1_155' title='bbox 1647 1040 1780 1084; x_wconf 84' lang='lat' dir='ltr'><strong>passim</strong></span> 
     </span>
     <span class='ocr_line' id='line_1_15' title="bbox 264 1095 1781 1145; baseline 0 -13"><span class='ocrx_word' id='word_1_156' title='bbox 264 1099 463 1133; x_wconf 84' lang='lat' dir='ltr'><strong>correxisse</strong></span> <span class='ocrx_word' id='word_1_157' title='bbox 473 1098 614 1133; x_wconf 90' lang='lat' dir='ltr'><strong>uidetur</strong></span> <span class='ocrx_word' id='word_1_158' title='bbox 622 1104 727 1145; x_wconf 91' lang='lat' dir='ltr'><strong>atque</strong></span> <span class='ocrx_word' id='word_1_159' title='bbox 736 1099 772 1132; x_wconf 90' lang='lat' dir='ltr'><strong>in</strong></span> <span class='ocrx_word' id='word_1_160' title='bbox 782 1098 904 1133; x_wconf 89' lang='lat' dir='ltr'><strong>codice</strong></span> <span class='ocrx_word' id='word_1_161' title='bbox 914 1098 1066 1133; x_wconf 89' lang='lat' dir='ltr'><strong>Acronis</strong></span> <span class='ocrx_word' id='word_1_162' title='bbox 1075 1098 1144 1132; x_wconf 82' lang='lat'><strong>223</strong></span> <span class='ocrx_word' id='word_1_163' title='bbox 1155 1095 1272 1142; x_wconf 77' lang='lat' dir='ltr'><strong>(cod-1</strong></span> <span class='ocrx_word' id='word_1_164' title='bbox 1284 1098 1445 1144; x_wconf 90' lang='lat' dir='ltr'><strong>superius</strong></span> <span class='ocrx_word' id='word_1_165' title='bbox 1454 1110 1488 1132; x_wconf 91' lang='lat' dir='ltr'><strong>n.</strong></span> <span class='ocrx_word' id='word_1_166' title='bbox 1503 1095 1560 1142; x_wconf 86' lang='lat'><strong>11)</strong></span> <span class='ocrx_word' id='word_1_167' title='bbox 1570 1097 1689 1132; x_wconf 87' lang='lat' dir='ltr'><strong>titulos</strong></span> <span class='ocrx_word' id='word_1_168' title='bbox 1700 1109 1781 1145; x_wconf 90' lang='lat' dir='ltr'><strong>epo-</strong></span> 
     </span>
     <span class='ocr_line' id='line_1_16' title="bbox 264 1157 1781 1204; baseline 0.001 -12"><span class='ocrx_word' id='word_1_169' title='bbox 264 1158 319 1192; x_wconf 87' lang='lat' dir='ltr'><strong>dis</strong></span> <span class='ocrx_word' id='word_1_170' title='bbox 337 1158 446 1192; x_wconf 88' lang='lat' dir='ltr'><strong>dedit.</strong></span> <span class='ocrx_word' id='word_1_171' title='bbox 459 1159 656 1203; x_wconf 88' lang='lat' dir='ltr'><strong>Insignitae</strong></span> <span class='ocrx_word' id='word_1_172' title='bbox 674 1163 754 1192; x_wconf 87' lang='lat' dir='ltr'><strong>sunt</strong></span> <span class='ocrx_word' id='word_1_173' title='bbox 770 1158 815 1193; x_wconf 87' lang='lat' dir='ltr'><strong>ab</strong></span> <span class='ocrx_word' id='word_1_174' title='bbox 831 1159 909 1204; x_wconf 89' lang='lat' dir='ltr'><strong>ipso</strong></span> <span class='ocrx_word' id='word_1_175' title='bbox 923 1158 964 1192; x_wconf 91' lang='lat' dir='ltr'><strong>P.</strong></span> <span class='ocrx_word' id='word_1_176' title='bbox 975 1157 1126 1192; x_wconf 80' lang='lat' dir='ltr'><strong>Daniele</strong></span> <span class='ocrx_word' id='word_1_177' title='bbox 1143 1157 1246 1192; x_wconf 89' lang='lat' dir='ltr'><strong>litera</strong></span> <span class='ocrx_word' id='word_1_178' title='bbox 1258 1157 1468 1192; x_wconf 90' lang='lat' dir='ltr'><strong>Alectiones</strong></span> <span class='ocrx_word' id='word_1_179' title='bbox 1485 1157 1552 1191; x_wconf 92' lang='lat' dir='ltr'><strong>hae</strong></span> <span class='ocrx_word' id='word_1_180' title='bbox 1569 1157 1781 1193; x_wconf 85' lang='lat' dir='ltr'><strong>uberrumae</strong></span> 
     </span>
     <span class='ocr_line' id='line_1_17' title="bbox 264 1217 1780 1263; baseline 0 -12"><span class='ocrx_word' id='word_1_181' title='bbox 264 1229 397 1263; x_wconf 84' lang='lat' dir='ltr'><strong>eaeque</strong></span> <span class='ocrx_word' id='word_1_182' title='bbox 423 1218 576 1263; x_wconf 84' lang='lat' dir='ltr'><strong>optimae</strong></span> <span class='ocrx_word' id='word_1_183' title='bbox 602 1229 692 1263; x_wconf 88' lang='lat' dir='ltr'><strong>quae</strong></span> <span class='ocrx_word' id='word_1_184' title='bbox 720 1230 784 1263; x_wconf 91' lang='lat' dir='ltr'><strong>per</strong></span> <span class='ocrx_word' id='word_1_185' title='bbox 813 1223 924 1251; x_wconf 90' lang='lat' dir='ltr'><strong>totum</strong></span> <span class='ocrx_word' id='word_1_186' title='bbox 959 1218 1148 1251; x_wconf 87' lang='lat' dir='ltr'><strong>Horatium</strong></span> <span class='ocrx_word' id='word_1_187' title='bbox 1180 1217 1226 1251; x_wconf 88' lang='lat' dir='ltr'><strong>ad</strong></span> <span class='ocrx_word' id='word_1_188' title='bbox 1261 1217 1367 1251; x_wconf 90' lang='lat' dir='ltr'><strong>finem</strong></span> <span class='ocrx_word' id='word_1_189' title='bbox 1402 1217 1631 1262; x_wconf 83' lang='lat' dir='ltr'><strong>epistularum</strong></span> <span class='ocrx_word' id='word_1_190' title='bbox 1669 1229 1780 1263; x_wconf 87' lang='lat' dir='ltr'><strong>usque</strong></span> 
     </span>
     <span class='ocr_line' id='line_1_18' title="bbox 263 1273 953 1323; baseline 0 -13"><span class='ocrx_word' id='word_1_191' title='bbox 263 1281 396 1323; x_wconf 87' lang='lat' dir='ltr'><strong>patent.</strong></span> <span class='ocrx_word' id='word_1_192' title='bbox 432 1274 547 1322; x_wconf 85' lang='lat' dir='ltr'><strong>(Sign.</strong></span> <span class='ocrx_word' id='word_1_193' title='bbox 566 1275 600 1310; x_wconf 88' lang='lat' dir='ltr'>A</span> <span class='ocrx_word' id='word_1_194' title='bbox 618 1273 658 1299; x_wconf 73' lang='lat'><strong>&#39;-</strong></span> <span class='ocrx_word' id='word_1_195' title='bbox 679 1276 725 1310; x_wconf 90' lang='lat' dir='ltr'><strong>ad</strong></span> <span class='ocrx_word' id='word_1_196' title='bbox 741 1276 874 1323; x_wconf 88' lang='lat' dir='ltr'><strong>Porph.</strong></span> <span class='ocrx_word' id='word_1_197' title='bbox 890 1275 953 1320; x_wconf 88' lang='lat'><strong>—)</strong></span> 
     </span>
    </p>

    <p class='ocr_par' dir='ltr' id='par_1_5' title="bbox 265 1335 1779 1551">
     <span class='ocr_line' id='line_1_19' title="bbox 355 1335 1779 1383; baseline 0.001 -13"><span class='ocrx_word' id='word_1_198' title='bbox 355 1335 472 1382; x_wconf 84' lang='lat' dir='ltr'><strong>Atque</strong></span> <span class='ocrx_word' id='word_1_199' title='bbox 488 1337 546 1371; x_wconf 89' lang='lat' dir='ltr'><strong>hic</strong></span> <span class='ocrx_word' id='word_1_200' title='bbox 563 1336 662 1371; x_wconf 87' lang='lat' dir='ltr'><strong>locus</strong></span> <span class='ocrx_word' id='word_1_201' title='bbox 680 1342 733 1370; x_wconf 90' lang='lat' dir='ltr'><strong>est</strong></span> <span class='ocrx_word' id='word_1_202' title='bbox 750 1349 818 1383; x_wconf 89' lang='lat' dir='ltr'><strong>quo</strong></span> <span class='ocrx_word' id='word_1_203' title='bbox 831 1337 1076 1382; x_wconf 87' lang='lat' dir='ltr'><strong>adiungendus</strong></span> <span class='ocrx_word' id='word_1_204' title='bbox 1090 1337 1230 1371; x_wconf 85' lang='lat' dir='ltr'><strong>uidetur</strong></span> <span class='ocrx_word' id='word_1_205' title='bbox 1244 1336 1348 1370; x_wconf 92' lang='lat' dir='ltr'><strong>modo</strong></span> <span class='ocrx_word' id='word_1_206' title='bbox 1362 1336 1477 1370; x_wconf 85' lang='lat' dir='ltr'><strong>dictus</strong></span> <span class='ocrx_word' id='word_1_207' title='bbox 1490 1336 1530 1369; x_wconf 91' lang='lat' dir='ltr'><strong>P.</strong></span> <span class='ocrx_word' id='word_1_208' title='bbox 1544 1336 1655 1371; x_wconf 77' lang='lat' dir='ltr'><strong>Marsi</strong></span> <span class='ocrx_word' id='word_1_209' title='bbox 1665 1337 1779 1371; x_wconf 88' lang='lat' dir='ltr'><strong>codex</strong></span> 
     </span>
     <span class='ocr_line' id='line_1_20' title="bbox 265 1396 1778 1442; baseline 0.001 -13"><span class='ocrx_word' id='word_1_210' title='bbox 265 1396 312 1429; x_wconf 85' lang='lat' dir='ltr'><strong>ad</strong></span> <span class='ocrx_word' id='word_1_211' title='bbox 341 1401 552 1442; x_wconf 87' lang='lat' dir='ltr'><strong>apparatum</strong></span> <span class='ocrx_word' id='word_1_212' title='bbox 576 1396 617 1429; x_wconf 92' lang='lat' dir='ltr'><strong>P.</strong></span> <span class='ocrx_word' id='word_1_213' title='bbox 645 1396 805 1430; x_wconf 85' lang='lat' dir='ltr'><strong>Danielis</strong></span> <span class='ocrx_word' id='word_1_214' title='bbox 831 1397 1010 1442; x_wconf 85' lang='lat' dir='ltr'><strong>pertinens</strong></span> <span class='ocrx_word' id='word_1_215' title='bbox 1036 1408 1077 1430; x_wconf 89' lang='lat' dir='ltr'><strong>ac</strong></span> <span class='ocrx_word' id='word_1_216' title='bbox 1102 1398 1235 1442; x_wconf 89' lang='lat' dir='ltr'><strong>primus</strong></span> <span class='ocrx_word' id='word_1_217' title='bbox 1258 1408 1380 1430; x_wconf 88' lang='lat' dir='ltr'><strong>eorum</strong></span> <span class='ocrx_word' id='word_1_218' title='bbox 1397 1397 1456 1442; x_wconf 89' lang='lat' dir='ltr'><strong>qui</strong></span> <span class='ocrx_word' id='word_1_219' title='bbox 1473 1396 1619 1430; x_wconf 85' lang='lat' dir='ltr'><strong>inferius</strong></span> <span class='ocrx_word' id='word_1_220' title='bbox 1636 1398 1778 1430; x_wconf 88' lang='lat' dir='ltr'><strong>tertium</strong></span> 
     </span>
     <span class='ocr_line' id='line_1_21' title="bbox 265 1455 1778 1504; baseline 0.001 -13"><span class='ocrx_word' id='word_1_221' title='bbox 265 1456 384 1491; x_wconf 90' lang='lat' dir='ltr'><strong>locum</strong></span> <span class='ocrx_word' id='word_1_222' title='bbox 410 1455 475 1491; x_wconf 90' lang='lat' dir='ltr'><strong>sub</strong></span> <span class='ocrx_word' id='word_1_223' title='bbox 500 1456 550 1490; x_wconf 89' lang='lat' dir='ltr'><strong>lit.</strong></span> <span class='ocrx_word' id='word_1_224' title='bbox 569 1456 598 1491; x_wconf 93' lang='lat' dir='ltr'><strong>C</strong></span> <span class='ocrx_word' id='word_1_225' title='bbox 622 1462 809 1503; x_wconf 89' lang='lat' dir='ltr'><strong>occupant,</strong></span> <span class='ocrx_word' id='word_1_226' title='bbox 829 1457 958 1503; x_wconf 90' lang='lat' dir='ltr'><strong>quippe</strong></span> <span class='ocrx_word' id='word_1_227' title='bbox 974 1456 1260 1504; x_wconf 84' lang='lat' dir='ltr'><strong>Porphyrionem</strong></span> <span class='ocrx_word' id='word_1_228' title='bbox 1277 1455 1450 1503; x_wconf 88' lang='lat' dir='ltr'><strong>simulque</strong></span> <span class='ocrx_word' id='word_1_229' title='bbox 1466 1455 1646 1491; x_wconf 88' lang='lat' dir='ltr'><strong>Acronem</strong></span> <span class='ocrx_word' id='word_1_230' title='bbox 1663 1458 1778 1492; x_wconf 86' lang='lat' dir='ltr'><strong>conti-</strong></span> 
     </span>
     <span class='ocr_line' id='line_1_22' title="bbox 265 1517 646 1551; baseline 0 -1"><span class='ocrx_word' id='word_1_231' title='bbox 265 1522 397 1550; x_wconf 89' lang='lat' dir='ltr'><strong>nentes.</strong></span> <span class='ocrx_word' id='word_1_232' title='bbox 447 1517 513 1550; x_wconf 88' lang='lat' dir='ltr'><strong>Est</strong></span> <span class='ocrx_word' id='word_1_233' title='bbox 529 1522 646 1551; x_wconf 86' lang='lat' dir='ltr'><strong>autem</strong></span> 
     </span>
    </p>

    <p class='ocr_par' dir='ltr' id='par_1_6' title="bbox 116 1575 1778 1745">
     <span class='ocr_line' id='line_1_23' title="bbox 116 1575 1778 1623; baseline 0.002 -13"><span class='ocrx_word' id='word_1_234' title='bbox 116 1582 195 1616; x_wconf 80' lang='lat' dir='ltr'><strong>(eod.</strong></span> <span class='ocrx_word' id='word_1_235' title='bbox 211 1584 250 1615; x_wconf 81' lang='lat'><strong>2.)</strong></span> <span class='ocrx_word' id='word_1_236' title='bbox 359 1576 415 1609; x_wconf 89' lang='lat'><strong>33.</strong></span> <span class='ocrx_word' id='word_1_237' title='bbox 441 1575 529 1610; x_wconf 88' lang='lat' dir='ltr'><strong>Cod.</strong></span> <span class='ocrx_word' id='word_1_238' title='bbox 548 1576 736 1609; x_wconf 67' lang='lat' dir='ltr'><strong>Ber-nensis</strong></span> <span class='ocrx_word' id='word_1_239' title='bbox 753 1577 838 1620; x_wconf 76' lang='lat'>516,</span> <span class='ocrx_word' id='word_1_240' title='bbox 864 1575 1061 1610; x_wconf 84' lang='lat' dir='ltr'><strong>chartaceis</strong></span> <span class='ocrx_word' id='word_1_241' title='bbox 1079 1587 1151 1611; x_wconf 84' lang='lat' dir='ltr'><strong>CLX</strong></span> <span class='ocrx_word' id='word_1_242' title='bbox 1169 1576 1262 1611; x_wconf 88' lang='lat' dir='ltr'><strong>foliis</strong></span> <span class='ocrx_word' id='word_1_243' title='bbox 1280 1578 1459 1623; x_wconf 86' lang='lat' dir='ltr'><strong>quaternis</strong></span> <span class='ocrx_word' id='word_1_244' title='bbox 1477 1577 1778 1613; x_wconf 87' lang='lat' dir='ltr'><strong>Commentarium</strong></span> 
     </span>
     <span class='ocr_line' id='line_1_24' title="bbox 264 1635 1777 1683; baseline 0.002 -14"><span class='ocrx_word' id='word_1_245' title='bbox 264 1635 442 1680; x_wconf 87' lang='lat' dir='ltr'><strong>integrum</strong></span> <span class='ocrx_word' id='word_1_246' title='bbox 465 1635 539 1669; x_wconf 88' lang='lat' dir='ltr'><strong>fere</strong></span> <span class='ocrx_word' id='word_1_247' title='bbox 561 1636 600 1669; x_wconf 90' lang='lat' dir='ltr'><strong>in</strong></span> <span class='ocrx_word' id='word_1_248' title='bbox 619 1635 802 1678; x_wconf 73' lang='lat' dir='ltr'><strong>Carmina,</strong></span> <span class='ocrx_word' id='word_1_249' title='bbox 827 1635 984 1681; x_wconf 71' lang='lat' dir='ltr'><strong>Epodos,</strong></span> <span class='ocrx_word' id='word_1_250' title='bbox 1013 1636 1125 1669; x_wconf 83' lang='lat' dir='ltr'><strong>Carm.</strong></span> <span class='ocrx_word' id='word_1_251' title='bbox 1147 1648 1252 1680; x_wconf 64' lang='lat' dir='ltr'><strong>saec„</strong></span> <span class='ocrx_word' id='word_1_252' title='bbox 1279 1635 1456 1671; x_wconf 76' lang='lat' dir='ltr'><strong>Sermones</strong></span> <span class='ocrx_word' id='word_1_253' title='bbox 1477 1644 1578 1682; x_wconf 81' lang='lat' dir='ltr'><strong>atque</strong></span> <span class='ocrx_word' id='word_1_254' title='bbox 1594 1637 1777 1683; x_wconf 73' lang='lat' dir='ltr'><strong>Epistulae</strong></span> 
     </span>
     <span class='ocr_line' id='line_1_25' title="bbox 263 1693 1351 1745; baseline -0.001 -16"><span class='ocrx_word' id='word_1_255' title='bbox 263 1695 450 1745; x_wconf 80' lang='lat' dir='ltr'><strong>praebens.</strong></span> <span class='ocrx_word' id='word_1_256' title='bbox 498 1695 591 1730; x_wconf 90' lang='lat' dir='ltr'><strong>Vide</strong></span> <span class='ocrx_word' id='word_1_257' title='bbox 608 1695 884 1742; x_wconf 86' lang='lat' dir='ltr'><strong>descriptionem</strong></span> <span class='ocrx_word' id='word_1_258' title='bbox 900 1696 995 1730; x_wconf 88' lang='lat' dir='ltr'><strong>infra</strong></span> <span class='ocrx_word' id='word_1_259' title='bbox 1011 1696 1076 1730; x_wconf 90' lang='lat' dir='ltr'><strong>sub</strong></span> <span class='ocrx_word' id='word_1_260' title='bbox 1087 1695 1118 1729; x_wconf 76' lang='lat'><strong>²¹⁸.</strong></span> <span class='ocrx_word' id='word_1_261' title='bbox 1170 1693 1285 1741; x_wconf 83' lang='lat' dir='ltr'><strong>(Sign.</strong></span> <span class='ocrx_word' id='word_1_262' title='bbox 1303 1696 1351 1740; x_wconf 83' lang='lat'><strong>2).</strong></span> 
     </span>
    </p>

    <p class='ocr_par' dir='ltr' id='par_1_7' title="bbox 119 1754 1777 2043">
     <span class='ocr_line' id='line_1_26' title="bbox 119 1754 1777 1800; baseline 0.004 -14"><span class='ocrx_word' id='word_1_263' title='bbox 119 1755 198 1791; x_wconf 86' lang='lat' dir='ltr'><strong>(Cod.</strong></span> <span class='ocrx_word' id='word_1_264' title='bbox 214 1758 251 1791; x_wconf 80' lang='lat'><strong>4.)</strong></span> <span class='ocrx_word' id='word_1_265' title='bbox 359 1755 415 1789; x_wconf 88' lang='lat'><strong>34.</strong></span> <span class='ocrx_word' id='word_1_266' title='bbox 442 1754 531 1789; x_wconf 88' lang='lat' dir='ltr'><strong>Cod.</strong></span> <span class='ocrx_word' id='word_1_267' title='bbox 554 1756 733 1788; x_wconf 78' lang='lat' dir='ltr'><strong>Romanus</strong></span> <span class='ocrx_word' id='word_1_268' title='bbox 757 1755 836 1789; x_wconf 87' lang='lat' dir='ltr'><strong>Vat.</strong></span> <span class='ocrx_word' id='word_1_269' title='bbox 859 1755 965 1799; x_wconf 85' lang='lat'>1518,</span> <span class='ocrx_word' id='word_1_270' title='bbox 990 1755 1083 1790; x_wconf 91' lang='lat' dir='ltr'><strong>liber</strong></span> <span class='ocrx_word' id='word_1_271' title='bbox 1108 1756 1250 1800; x_wconf 86' lang='lat' dir='ltr'><strong>elegans</strong></span> <span class='ocrx_word' id='word_1_272' title='bbox 1277 1756 1442 1791; x_wconf 89' lang='lat' dir='ltr'><strong>foliorum</strong></span> <span class='ocrx_word' id='word_1_273' title='bbox 1464 1757 1658 1792; x_wconf 89' lang='lat' dir='ltr'><strong>membran.</strong></span> <span class='ocrx_word' id='word_1_274' title='bbox 1682 1769 1777 1794; x_wconf 79' lang='lat' dir='ltr'><strong>Lvm</strong></span> 
     </span>
     <span class='ocr_line' id='line_1_27' title="bbox 260 1805 1775 1865; baseline 0.003 -16"><span class='ocrx_word' id='word_1_275' title='bbox 260 1815 299 1849; x_wconf 91' lang='lat' dir='ltr'><strong>in</strong></span> <span class='ocrx_word' id='word_1_276' title='bbox 315 1814 375 1849; x_wconf 83' lang='lat' dir='ltr'><strong>fol.</strong></span> <span class='ocrx_word' id='word_1_277' title='bbox 394 1827 427 1861; x_wconf 90' lang='lat' dir='ltr'><strong>q.</strong></span> <span class='ocrx_word' id='word_1_278' title='bbox 446 1814 497 1859; x_wconf 87' lang='lat' dir='ltr'><strong>d.,</strong></span> <span class='ocrx_word' id='word_1_279' title='bbox 525 1815 625 1849; x_wconf 91' lang='lat' dir='ltr'><strong>cuius</strong></span> <span class='ocrx_word' id='word_1_280' title='bbox 642 1805 759 1862; x_wconf 85' lang='lat' dir='ltr'><strong>prima</strong></span> <span class='ocrx_word' id='word_1_281' title='bbox 778 1816 912 1862; x_wconf 84' lang='lat' dir='ltr'><strong>pagina</strong></span> <span class='ocrx_word' id='word_1_282' title='bbox 933 1815 1128 1851; x_wconf 86' lang='lat' dir='ltr'><strong>secundum</strong></span> <span class='ocrx_word' id='word_1_283' title='bbox 1149 1816 1243 1851; x_wconf 91' lang='lat' dir='ltr'><strong>illius</strong></span> <span class='ocrx_word' id='word_1_284' title='bbox 1266 1817 1390 1852; x_wconf 86' lang='lat' dir='ltr'><strong>aetatis</strong></span> <span class='ocrx_word' id='word_1_285' title='bbox 1413 1829 1547 1853; x_wconf 88' lang='lat' dir='ltr'><strong>morem</strong></span> <span class='ocrx_word' id='word_1_286' title='bbox 1571 1824 1696 1854; x_wconf 79' lang='lat' dir='ltr'><strong>ornata</strong></span> <span class='ocrx_word' id='word_1_287' title='bbox 1712 1825 1775 1865; x_wconf 85' lang='lat' dir='ltr'><strong>est,</strong></span> 
     </span>
     <span class='ocr_line' id='line_1_28' title="bbox 261 1875 1775 1923; baseline 0.004 -16"><span class='ocrx_word' id='word_1_288' title='bbox 261 1875 419 1919; x_wconf 85' lang='lat' dir='ltr'><strong>integros</strong></span> <span class='ocrx_word' id='word_1_289' title='bbox 445 1875 674 1920; x_wconf 87' lang='lat' dir='ltr'><strong>suppeditans</strong></span> <span class='ocrx_word' id='word_1_290' title='bbox 700 1875 950 1920; x_wconf 73' lang='lat' dir='ltr'><strong>Porphyrionis</strong></span> <span class='ocrx_word' id='word_1_291' title='bbox 974 1876 1257 1911; x_wconf 87' lang='lat' dir='ltr'><strong>Commentarios</strong></span> <span class='ocrx_word' id='word_1_292' title='bbox 1287 1878 1324 1912; x_wconf 91' lang='lat' dir='ltr'><strong>in</strong></span> <span class='ocrx_word' id='word_1_293' title='bbox 1347 1877 1437 1912; x_wconf 90' lang='lat' dir='ltr'><strong>Hor.</strong></span> <span class='ocrx_word' id='word_1_294' title='bbox 1466 1878 1653 1923; x_wconf 84' lang='lat' dir='ltr'><strong>Carmina,</strong></span> <span class='ocrx_word' id='word_1_295' title='bbox 1678 1880 1775 1914; x_wconf 78' lang='lat' dir='ltr'><strong>Poe-</strong></span> 
     </span>
     <span class='ocr_line' id='line_1_29' title="bbox 262 1933 1776 1985; baseline 0.005 -18"><span class='ocrx_word' id='word_1_296' title='bbox 262 1934 400 1977; x_wconf 76' lang='lat' dir='ltr'><strong>triam,</strong></span> <span class='ocrx_word' id='word_1_297' title='bbox 428 1933 575 1969; x_wconf 78' lang='lat' dir='ltr'><strong>Carmen</strong></span> <span class='ocrx_word' id='word_1_298' title='bbox 591 1947 698 1977; x_wconf 62' lang='lat' dir='ltr'><strong>saec„</strong></span> <span class='ocrx_word' id='word_1_299' title='bbox 724 1934 887 1980; x_wconf 75' lang='lat' dir='ltr'><strong>Epodon‚</strong></span> <span class='ocrx_word' id='word_1_300' title='bbox 914 1935 1091 1971; x_wconf 70' lang='lat' dir='ltr'><strong>semones</strong></span> <span class='ocrx_word' id='word_1_301' title='bbox 1107 1943 1208 1982; x_wconf 82' lang='lat' dir='ltr'><strong>atque</strong></span> <span class='ocrx_word' id='word_1_302' title='bbox 1224 1937 1414 1983; x_wconf 58' lang='lat' dir='ltr'><strong>Epzkmlas.</strong></span> <span class='ocrx_word' id='word_1_303' title='bbox 1463 1938 1643 1985; x_wconf 87' lang='lat' dir='ltr'><strong>Incipiunt</strong></span> <span class='ocrx_word' id='word_1_304' title='bbox 1659 1944 1776 1975; x_wconf 84' lang='lat' dir='ltr'><strong>autem</strong></span> 
     </span>
     <span class='ocr_line' id='line_1_30' title="bbox 262 1995 1384 2043; baseline 0.004 -15"><span class='ocrx_word' id='word_1_305' title='bbox 262 2000 343 2040; x_wconf 89' lang='lat' dir='ltr'><strong>post</strong></span> <span class='ocrx_word' id='word_1_306' title='bbox 358 1995 468 2029; x_wconf 89' lang='lat' dir='ltr'><strong>uitam</strong></span> <span class='ocrx_word' id='word_1_307' title='bbox 486 1995 538 2029; x_wconf 93' lang='lat' dir='ltr'><strong>IV</strong></span> <span class='ocrx_word' id='word_1_308' title='bbox 554 1995 815 2041; x_wconf 85' lang='lat' dir='ltr'><strong>Porphyrionis</strong></span> <span class='ocrx_word' id='word_1_309' title='bbox 834 2008 914 2030; x_wconf 90' lang='lat' dir='ltr'><strong>cum</strong></span> <span class='ocrx_word' id='word_1_310' title='bbox 930 1996 997 2031; x_wconf 89' lang='lat' dir='ltr'><strong>hac</strong></span> <span class='ocrx_word' id='word_1_311' title='bbox 1014 1997 1123 2031; x_wconf 87' lang='lat' dir='ltr'><strong>rubra</strong></span> <span class='ocrx_word' id='word_1_312' title='bbox 1139 1997 1384 2043; x_wconf 83' lang='lat' dir='ltr'><strong>inscriptione:</strong></span> 
     </span>
    </p>

    <p class='ocr_par' dir='ltr' id='par_1_8' title="bbox 430 2054 1775 2148">
     <span class='ocr_line' id='line_1_31' title="bbox 430 2054 1775 2105; baseline 0.005 -18"><span class='ocrx_word' id='word_1_313' title='bbox 430 2054 702 2100; x_wconf 84' lang='lat' dir='ltr'><strong>‚Porphyrionis</strong></span> <span class='ocrx_word' id='word_1_314' title='bbox 719 2056 787 2088; x_wconf 89' lang='lat' dir='ltr'><strong>uiri</strong></span> <span class='ocrx_word' id='word_1_315' title='bbox 808 2055 1004 2090; x_wconf 89' lang='lat' dir='ltr'><strong>doctissimi</strong></span> <span class='ocrx_word' id='word_1_316' title='bbox 1026 2057 1063 2090; x_wconf 87' lang='lat' dir='ltr'><strong>in</strong></span> <span class='ocrx_word' id='word_1_317' title='bbox 1081 2056 1213 2101; x_wconf 78' lang='lat' dir='ltr'><strong>Lyrica</strong></span> <span class='ocrx_word' id='word_1_318' title='bbox 1233 2057 1375 2091; x_wconf 84' lang='lat' dir='ltr'><strong>Horatii</strong></span> <span class='ocrx_word' id='word_1_319' title='bbox 1399 2057 1624 2091; x_wconf 67' lang='lat' dir='ltr'><strong>Commeatum</strong></span> <span class='ocrx_word' id='word_1_320' title='bbox 1649 2060 1775 2105; x_wconf 89' lang='lat' dir='ltr'><strong>incipit</strong></span> 
     </span>
     <span class='ocr_line' id='line_1_32' title="bbox 432 2113 624 2148; baseline 0.005 -1"><span class='ocrx_word' id='word_1_321' title='bbox 432 2113 624 2148; x_wconf 62' lang='lat' dir='ltr'><strong>foeliciter!</strong></span> 
     </span>
    </p>

    <p class='ocr_par' dir='ltr' id='par_1_9' title="bbox 265 2172 1773 2266">
     <span class='ocr_line' id='line_1_33' title="bbox 355 2172 1773 2224; baseline 0.005 -18"><span class='ocrx_word' id='word_1_322' title='bbox 355 2172 490 2207; x_wconf 87' lang='lat' dir='ltr'><strong>Contra</strong></span> <span class='ocrx_word' id='word_1_323' title='bbox 506 2173 597 2208; x_wconf 88' lang='lat' dir='ltr'><strong>liber</strong></span> <span class='ocrx_word' id='word_1_324' title='bbox 609 2174 666 2208; x_wconf 94' lang='lat' dir='ltr'><strong>III</strong></span> <span class='ocrx_word' id='word_1_325' title='bbox 681 2174 773 2209; x_wconf 89' lang='lat' dir='ltr'><strong>hanc</strong></span> <span class='ocrx_word' id='word_1_326' title='bbox 787 2174 986 2210; x_wconf 89' lang='lat' dir='ltr'><strong>breuiorem</strong></span> <span class='ocrx_word' id='word_1_327' title='bbox 999 2176 1068 2210; x_wconf 88' lang='lat' dir='ltr'><strong>fert</strong></span> <span class='ocrx_word' id='word_1_328' title='bbox 1080 2176 1299 2223; x_wconf 85' lang='lat' dir='ltr'><strong>epigraphen</strong></span> <span class='ocrx_word' id='word_1_329' title='bbox 1313 2189 1403 2223; x_wconf 90' lang='lat' dir='ltr'><strong>quae</strong></span> <span class='ocrx_word' id='word_1_330' title='bbox 1416 2178 1617 2224; x_wconf 88' lang='lat' dir='ltr'><strong>interpretis</strong></span> <span class='ocrx_word' id='word_1_331' title='bbox 1629 2180 1773 2213; x_wconf 91' lang='lat' dir='ltr'><strong>nomine</strong></span> 
     </span>
     <span class='ocr_line' id='line_1_34' title="bbox 265 2237 376 2266; baseline 0.009 -1"><span class='ocrx_word' id='word_1_332' title='bbox 265 2237 376 2266; x_wconf 81' lang='lat' dir='ltr'><strong>caret:</strong></span> 
     </span>
    </p>

    <p class='ocr_par' dir='ltr' id='par_1_10' title="bbox 309 2296 1725 2463">
     <span class='ocr_line' id='line_1_35' title="bbox 615 2296 1417 2337; baseline 0.004 -10"><span class='ocrx_word' id='word_1_333' title='bbox 615 2301 792 2337; x_wconf 78' lang='lat' dir='ltr'>,HORATH</span> <span class='ocrx_word' id='word_1_334' title='bbox 810 2304 1014 2330; x_wconf 71' lang='lat' dir='ltr'>CARMINUM</span> <span class='ocrx_word' id='word_1_335' title='bbox 1032 2305 1157 2330; x_wconf 78' lang='lat' dir='ltr'>LIBER.</span> <span class='ocrx_word' id='word_1_336' title='bbox 1176 2306 1228 2330; x_wconf 92' lang='lat'>111.</span> <span class='ocrx_word' id='word_1_337' title='bbox 1248 2296 1417 2331; x_wconf 65' lang='lat' dir='ltr'><strong>mcll’rrf</strong></span> 
     </span>
     <span class='ocr_line' id='line_1_36' title="bbox 353 2352 1455 2401; baseline 0.004 -15"><span class='ocrx_word' id='word_1_338' title='bbox 353 2352 396 2386; x_wconf 88' lang='lat' dir='ltr'><strong>In</strong></span> <span class='ocrx_word' id='word_1_339' title='bbox 411 2352 511 2386; x_wconf 85' lang='lat' dir='ltr'><strong>Artis</strong></span> <span class='ocrx_word' id='word_1_340' title='bbox 527 2353 688 2398; x_wconf 84' lang='lat' dir='ltr'><strong>poeticae</strong></span> <span class='ocrx_word' id='word_1_341' title='bbox 704 2354 971 2399; x_wconf 89' lang='lat' dir='ltr'><strong>inscriptionem</strong></span> <span class='ocrx_word' id='word_1_342' title='bbox 987 2356 1058 2388; x_wconf 88' lang='lat' dir='ltr'><strong>iam</strong></span> <span class='ocrx_word' id='word_1_343' title='bbox 1075 2368 1108 2389; x_wconf 93' lang='lat' dir='ltr'><strong>u.</strong></span> <span class='ocrx_word' id='word_1_344' title='bbox 1127 2356 1273 2389; x_wconf 72' lang='lat' dir='ltr'><strong>Poetrz&#39;a</strong></span> <span class='ocrx_word' id='word_1_345' title='bbox 1289 2357 1455 2401; x_wconf 87' lang='lat' dir='ltr'><strong>inrepsit:</strong></span> 
     </span>
     <span class='ocr_line' id='line_1_37' title="bbox 309 2417 1725 2463; baseline 0.004 -19"><span class='ocrx_word' id='word_1_346' title='bbox 309 2419 615 2453; x_wconf 76' lang='lat' dir='ltr'>,PORPEYBIONIS</span> <span class='ocrx_word' id='word_1_347' title='bbox 634 2421 676 2446; x_wconf 82' lang='lat' dir='ltr'><strong>IN</strong></span> <span class='ocrx_word' id='word_1_348' title='bbox 693 2420 892 2447; x_wconf 75' lang='lat' dir='ltr'><strong>POETRIAM</strong></span> <span class='ocrx_word' id='word_1_349' title='bbox 909 2423 1071 2448; x_wconf 79' lang='lat' dir='ltr'><strong>EORATll</strong></span> <span class='ocrx_word' id='word_1_350' title='bbox 1086 2423 1330 2463; x_wconf 45' lang='lat' dir='ltr'><strong>c&#39;OMMEN&#39;rUM</strong></span> <span class='ocrx_word' id='word_1_351' title='bbox 1343 2424 1487 2451; x_wconf 78' lang='lat' dir='ltr'><strong>INCIPIT</strong></span> <span class='ocrx_word' id='word_1_352' title='bbox 1501 2417 1725 2452; x_wconf 74' lang='lat' dir='ltr'>FELICITER.‘</span> 
     </span>
    </p>

    <p class='ocr_par' dir='ltr' id='par_1_11' title="bbox 356 2470 1773 2523">
     <span class='ocr_line' id='line_1_38' title="bbox 356 2470 1773 2523; baseline 0.006 -19"><span class='ocrx_word' id='word_1_353' title='bbox 356 2470 607 2517; x_wconf 82' lang='lat' dir='ltr'><strong>Inscriptiones</strong></span> <span class='ocrx_word' id='word_1_354' title='bbox 628 2473 666 2507; x_wconf 92' lang='lat' dir='ltr'><strong>in</strong></span> <span class='ocrx_word' id='word_1_355' title='bbox 687 2472 807 2507; x_wconf 88' lang='lat' dir='ltr'><strong>media</strong></span> <span class='ocrx_word' id='word_1_356' title='bbox 826 2473 905 2507; x_wconf 87' lang='lat' dir='ltr'><strong>libri</strong></span> <span class='ocrx_word' id='word_1_357' title='bbox 930 2476 1239 2520; x_wconf 74' lang='lat' dir='ltr'><strong>parte‘pauciores</strong></span> <span class='ocrx_word' id='word_1_358' title='bbox 1262 2481 1357 2520; x_wconf 85' lang='lat' dir='ltr'><strong>sunt,</strong></span> <span class='ocrx_word' id='word_1_359' title='bbox 1378 2477 1415 2511; x_wconf 90' lang='lat' dir='ltr'><strong>in</strong></span> <span class='ocrx_word' id='word_1_360' title='bbox 1430 2482 1611 2523; x_wconf 80' lang='lat' dir='ltr'><strong>postrema</strong></span> <span class='ocrx_word' id='word_1_361' title='bbox 1627 2478 1773 2512; x_wconf 89' lang='lat' dir='ltr'><strong>omnino</strong></span> 
     </span>
    </p>

    <p class='ocr_par' dir='ltr' id='par_1_12' title="bbox 261 2528 1771 2582">
     <span class='ocr_line' id='line_1_39' title="bbox 261 2528 1771 2582; baseline 0.006 -20"><span class='ocrx_word' id='word_1_362' title='bbox 261 2528 525 2565; x_wconf 83' lang='lat' dir='ltr'><strong>desiderantur:</strong></span> <span class='ocrx_word' id='word_1_363' title='bbox 550 2533 660 2577; x_wconf 85' lang='lat' dir='ltr'><strong>aeq&#39;ue</strong></span> <span class='ocrx_word' id='word_1_364' title='bbox 683 2534 776 2567; x_wconf 89' lang='lat' dir='ltr'><strong>enim</strong></span> <span class='ocrx_word' id='word_1_365' title='bbox 801 2545 980 2568; x_wconf 86' lang='lat' dir='ltr'><strong>sermones</strong></span> <span class='ocrx_word' id='word_1_366' title='bbox 997 2539 1102 2581; x_wconf 85' lang='lat' dir='ltr'><strong>atque</strong></span> <span class='ocrx_word' id='word_1_367' title='bbox 1120 2535 1290 2582; x_wconf 83' lang='lat' dir='ltr'><strong>epistulae</strong></span> <span class='ocrx_word' id='word_1_368' title='bbox 1307 2537 1351 2570; x_wconf 84' lang='lat' dir='ltr'><strong>iis</strong></span> <span class='ocrx_word' id='word_1_369' title='bbox 1368 2542 1500 2571; x_wconf 85' lang='lat' dir='ltr'><strong>carent.</strong></span> <span class='ocrx_word' id='word_1_370' title='bbox 1549 2537 1678 2571; x_wconf 87' lang='lat' dir='ltr'><strong>Manus</strong></span> <span class='ocrx_word' id='word_1_371' title='bbox 1694 2548 1771 2571; x_wconf 86' lang='lat' dir='ltr'><strong>cor—</strong></span> 
     </span>
    </p>
   </div>
  </div>
 </body>
</html>
