1936 2749
1580 97 1629 131 27

222 192 325 241 Folio
341 203 421 240 XXI,
436 195 471 231 b.
489 194 577 230 haec
592 191 776 240 inscriptio
792 190 932 237 legitur,
949 202 1039 237 quae
1052 190 1195 225 omnino
1210 190 1334 225 eadem
1351 195 1405 225 est
1421 190 1459 225 in
1474 189 1631 236 editione

128 264 183 299 pr,
200 252 376 289 Romana:
934 274 938 277 ·

159 305 162 309 ⁴
396 314 622 361 ,Explanatio
638 310 888 362 Porphz'fi'onis
904 310 940 344 in
957 310 1082 356 Epodo
1099 309 1238 345 Oratii!

223 371 335 407 Aliter
351 385 388 408 se
402 370 511 408 habet
527 372 613 408 folio
629 362 741 407 xxvi!
757 369 907 404 haecce:
1131 369 1134 371 ’

273 481 276 483 .
340 433 607 481 ,Porphyrionis
624 429 828 478 explanatio
846 430 882 465 in
900 429 1049 477 seculari
1067 430 1221 464 carmine
1238 429 1385 476 incipit!

132 496 236 537 atque
253 492 357 527 haec:
627 491 793 536 ‚Carmen
810 490 888 523 finit
904 489 1087 523 seculare!

395 543 661 599 ,Porphyrionis
678 550 716 584 in
733 554 844 584 artem
860 549 1036 595 poeticam
1054 548 1332 583 commentaria<

223 610 358 653 Quibus
377 612 509 647 scilicet
525 611 641 646 nullus
658 609 823 644 editionis
840 609 1021 644 Romanae
1039 614 1218 654 comparet
1236 621 1438 643 consensus.

224 671 324 706 Folio
342 683 437 707 xxlx
460 672 547 706 haec
570 670 670 705 adest
694 669 922 715 subscriptio,
947 670 1004 703 cui
1025 680 1240 715 praenomen
1262 670 1550 703 commentatoris
1568 669 1628 702 ad-

131 728 243 763 ditum
260 735 328 764 est:

220 789 417 836 ‚Pomponii
433 788 689 836 Porphyrionis
708 788 1040 822 commentariorum
1058 788 1095 822 in
1112 791 1223 821 artem
1240 788 1415 833 poeticam
1432 786 1534 821 finisf

225 848 407 883 Sermones
431 855 501 883 tam
525 849 569 882 ab
600 848 699 881 initio
723 859 828 892 quam
853 848 891 880 in
916 847 985 881 fine
1007 852 1128 880 carent
1148 846 1445 892 inscriptionibus.
1495 846 1629 881 Contra

131 907 298 953 epistulae
316 909 399 943 folio
419 918 487 943 XLI
505 907 571 942 hoc
589 906 691 941 titulo
710 905 865 952 gaudent
882 918 962 940 cum
979 906 1103 941 eodem
1121 907 1365 952 praenomine:

294 968 493 1014 ,Pomponii
510 967 768 1013 Porphyrionis
785 967 822 1000 in
840 966 1004 1012 epistolas
1022 966 1163 1000 Horatii
1181 965 1456 1000 commentaria.‘

223 1027 321 1061 Folio
346 1028 495 1074 denique
519 1036 614 1061 XLIX
639 1027 970 1060 commentariorum
1000 1030 1156 1060 extremo
1181 1025 1310 1059 haecce
1333 1025 1506 1070 generalis
1529 1025 1629 1059 adest

133 1086 357 1131 subscriptio:

129 1144 589 1191 ,PomponiiPorphyrionis
599 1146 807 1178 enarratorz's
818 1143 1024 1190 diligentiss.
1034 1145 1070 1178 in
1077 1144 1264 1178 Horatium
1273 1142 1628 1178 cemmentariorumf

221 1204 365 1238 Praeter
377 1203 472 1250 ipsos
479 1204 739 1250 Porphyrionis
753 1204 1023 1238 commentarios
1035 1216 1140 1238 unum
1154 1209 1251 1238 extat
1263 1203 1384 1238 folium
1393 1204 1628 1249 antepositum

131 1264 283 1297 omnium
301 1265 473 1310 princeps,
493 1264 587 1310 quod
602 1258 646 1298 in*
655 1256 788 1310 pagina
801 1263 912 1298 altera
921 1283 965 1287 —
975 1264 1090 1310 prima
1103 1264 1195 1298 enim
1209 1263 1290 1298 alba
1303 1269 1356 1298 est
1366 1263 1494 1297 —illas
1507 1263 1628 1297 literas

130 1323 321 1367 Raphaelz's
338 1324 441 1369 Reyz'z'
454 1324 597 1358 exhibet
609 1313 660 1357 ⁴ad
676 1323 853 1357 Aloisium
865 1323 1119 1357 Maurocenum
1135 1324 1322 1369 patricium
1339 1323 1510 1357 Venetum
1527 1322 1629 1358 datas

130 1382 244 1426 (‚Vale
259 1383 404 1416 Patauii
416 1383 537 1418 Idibus
555 1382 708 1429 Augusti
727 1381 1020 1429 MCCCCLXXX1.‘).
1053 1382 1123 1426 Qui
1145 1382 1227 1417 licet
1244 1382 1318 1417 dies
1343 1382 1522 1417 literarum
1549 1394 1569 1416 a
1586 1382 1627 1416 R.

130 1442 251 1487 Regio,
266 1443 321 1476 cui
334 1443 596 1487 ‚I’orpltgzsrz'om',‹‚²
608 1444 821 1476 narrationes
833 1443 872 1475 αἱ
882 1442 1083 1486 emendaret,
1104 1442 1236 1476 delatae
1250 1443 1366 1486 erant‘‚
1383 1442 1524 1475 Patauii
1537 1447 1630 1475 esset

131 1501 336 1548 adscriptuS,
355 1502 527 1536 Venetam
543 1507 662 1537 tamen
679 1507 836 1536 nostram
855 1502 929 1536 dixi
947 1501 1147 1536 editionem.
1177 1502 1234 1536 Ex
1252 1501 1308 1537 die
1326 1502 1418 1548 enim
1437 1501 1628 1547 additoque

130 1561 227 1594 urbis
244 1560 382 1594 nomine
399 1561 486 1594 nihil
502 1562 738 1607 proficiscitur
753 1562 819 1595 nisi
834 1561 911 1605 hoc,
929 1562 1077 1606 Regium
1094 1567 1168 1595 tum
1180 1562 1348 1607 temporis
1362 1561 1501 1595 Patauii
1518 1561 1629 1594 uitam

131 1619 268 1665 degisse
284 1625 386 1665 atque
404 1621 596 1666 scripsisse,
614 1633 683 1667 qua
700 1622 737 1655 in
753 1620 839 1655 urbe
857 1632 967 1667 aeque
984 1625 1022 1654 ut
1033 1620 1189 1655 Venetiis
1206 1620 1475 1655 commentarios
1494 1620 1529 1653 in
1543 1619 1628 1653 Oni-

131 1679 237 1722 dium,
257 1679 533 1722 Quinctilianum
550 1685 583 1714 et
600 1680 829 1714 Plutarchum
851 1681 888 1714 in
909 1680 1023 1715 lucem
1040 1692 1119 1714 eum
1141 1680 1293 1714 edidisse
1317 1685 1465 1714 constat.
1515 1680 1630 1713 Erant

131 1740 190 1784 qui
208 1738 308 1772 aliter
325 1738 533 1782 iudicarunt,
551 1740 643 1773 inter
659 1751 747 1785 quos
764 1740 852 1773 Iani.
871 1752 905 1785 p.
923 1750 1004 1773 xxv
1020 1739 1255 1773 nominandus
1272 1745 1335 1772 est.
1370 1738 1467 1781 Quid
1484 1738 1627 1772 autem?

131 1797 204 1833 Cur
221 1809 320 1831 secus
339 1797 501 1841 sentiam,
529 1797 645 1832 dicere
662 1810 824 1844 pergam:
851 1804 904 1833 est
925 1799 1018 1833 enim
1042 1798 1158 1844 aliqua
1179 1799 1230 1832 rei
1253 1798 1353 1832 ratio.
1395 1797 1450 1832 Ac
1475 1798 1629 1844 primum

132 1856 272 1902 quidem
280 1856 355 1902 typi
367 1861 446 1889 sunt
454 1856 558 1902 plane
574 1857 711 1892 Veneti.
737 1857 876 1892 Deinde
889 1858 1034 1892 ubinam
1048 1858 1213 1891 statueris
1226 1857 1372 1891 alteram
1385 1856 1467 1892 libri
1480 1862 1626 1902 partem,

131 1916 278 1949 Acrom's
296 1915 547 1949 commentarios
564 1916 661 1961 dico,
685 1936 728 1941 -
753 1917 874 1963 quibus
891 1918 961 1965 ipse
978 1918 1153 1960 Horatius,
1180 1928 1244 1962 quo
1262 1916 1475 1962 Porphyrion
1489 1929 1627 1962 praece—

135 1975 217 2009 dens
233 1976 364 2008 omnino
384 1982 488 2019 caret,
515 1976 610 2020 isque
627 1978 753 2025 inteyer
776 1978 942 2010 continuis
966 1968 1127 2010 uersibus·
1140 1976 1279 2010 additus
1301 1983 1362 2020 est,
1381 1973 1431 2001 ¹—
1450 1976 1545 2022 typis
1567 1988 1627 2010 ex-

132 2047 252 2069 cusam
268 2033 368 2068 esse?
385 2034 489 2068 Hanc
504 2040 652 2080 partem,
671 2048 761 2082 quae
779 2046 924 2071 cxxxlv
947 2036 1032 2070 folia
1049 2036 1302 2082 complectitur,
1321 2037 1484 2081 aperiunt
1500 2035 1584 2070 folio
1604 2045 1626 2068 L

130 2094 252 2129 literae
271 2092 408 2128 editoris
425 2093 628 2140 inteyroram
645 2095 795 2130 Acrom's
812 2098 1121 2130 commentariorum
1141 2096 1190 2130 sic
1207 2095 1416 2142 inscriptae:
1443 2094 1500 2129 Ad
1515 2095 1625 2130 Reue-

130 2154 375 2189 rendissimum
396 2154 433 2186 in
450 2153 523 2186 chr.
542 2159 678 2199 patrem
700 2161 735 2189 et
757 2156 802 2189 D.
821 2156 1014 2189 Dominum
1030 2155 1207 2200 Angelum
1228 2155 1447 2200 phascolum.
1481 2155 1566 2188 Dei:
1593 2159 1630 2187 et

130 2212 357 2260 Apostolicae
374 2211 489 2246 saedis
508 2212 588 2258 (sie)
606 2215 722 2258 gratia
738 2214 954 2261 Fpiscopum
970 2214 1199 2249 Feltrensem.
1249 2213 1414 2248 Lodouz‘c.
1434 2212 1475 2247 de
1491 2212 1625 2247 straza-

130 2274 215 2307 rolz‘s
224 2271 463 2307 Taruisanus!
483 2271 579 2305 Ecce
596 2272 686 2307 duae
703 2271 825 2308 literae
838 2274 977 2320 duoque
994 2273 1145 2308 editores
1158 2274 1316 2308 eiusdem
1328 2273 1410 2307 libri
1422 2274 1496 2306 siue
1509 2274 1628 2318 potius

131 2331 336 2375 voluminis,
362 2342 510 2377 quorum
527 2329 616 2364 alter
631 2331 789 2377 Patauii,
807 2332 912 2377 alter,
934 2337 974 2366 ut
988 2332 1180 2366 uerisimile
1198 2337 1265 2377 est,
1287 2331 1457 2366 Venetiae
1474 2330 1629 2365 uiuebat.

131 2391 328 2428 Memorata
344 2390 485 2438 quidem
500 2401 572 2425 non
589 2396 642 2426 est
658 2392 743 2428 urbs
760 2405 830 2440 qua
845 2393 913 2428 hae
936 2392 1057 2428 literae
1075 2392 1311 2428 scriberentur
1326 2397 1430 2438 atque
1451 2391 1627 2438 imprime·

130 2456 266 2495 rentur,
289 2456 341 2485 set
357 2463 402 2485 ex
418 2462 460 2484 eo
477 2449 571 2495 quod
587 2450 656 2484 illis
673 2451 777 2496 Regii
792 2451 904 2486 literis
921 2452 1100 2498 adscripta
1117 2451 1199 2485 talis
1216 2456 1283 2495 est,
1310 2450 1429 2495 colligi
1445 2456 1540 2484 recte
1556 2462 1628 2484 non
1653 2462 1656 2465 ’

129 2515 263 2557 potest,
291 2508 546 2557 Porphyrionis
569 2515 768 2544 c'ommenta
787 2510 927 2546 Patauii
949 2523 1064 2558 neque
1093 2510 1199 2546 etiam
1221 2510 1374 2545 Acronis
1393 2509 1526 2545 ibidem
1547 2519 1627 2543 esse
