1936 2749
493 436 634 487 ELE
642 435 892 487 NOHUS
923 434 1054 485 SUB
1063 435 1438 485 SIDIORUM.

298 582 396 636 Quos
418 591 695 627 emendatiorem
711 590 803 625 hanc
825 574 1185 625 editionem-Acronis
1203 602 1235 636 q.
1255 591 1278 625 f.
1297 596 1331 625 et
1348 590 1473 637 Pomp.
1492 590 1708 642 Porphyrio-

204 652 258 686 nis
276 653 606 687 commentariorum
627 650 804 686 adornans
827 649 995 685 adhibere
1019 655 1054 684 et
1069 649 1169 684 licuit
1186 656 1220 684 et
1235 649 1383 696 placuit,
1406 651 1441 685 hi
1465 656 1545 685 sunt
1566 650 1709 685 codices

203 716 263 745 aut
290 724 396 745 manu
426 712 547 757 scripti
573 715 633 744 aut
657 711 753 756 typis
778 710 915 753 excusi,
941 710 1068 755 quibus
1094 709 1268 743 accedunt
1292 709 1465 743 editiones
1496 712 1708 745 recentiores

203 770 334 805 saeculi
351 770 479 805 decimi
496 770 598 803 sexti.

295 830 350 864 Ac
367 831 520 876 primum
537 824 679 875 quidem
696 835 756 863 aut
771 829 913 863 uberius
932 835 991 863 aut
1008 829 1151 863 breuius
1169 829 1226 863 hic
1244 829 1375 864 notabo

530 962 561 1001 I.
621 960 862 1003 CODICES
893 961 1056 1002 MANU
1088 960 1359 1001 SCRIPTOS

928 1064 972 1097 A.

803 1135 1107 1179 ACRON1s

297 1277 326 1309 1.
361 1276 519 1310 Primum
536 1276 653 1310 locum
676 1276 809 1311 obtinet
823 1275 912 1311 Cod.
926 1276 1109 1310 Parisinus
1129 1274 1229 1309 7900.
1243 1276 1290 1319 -Α,
1308 1287 1493 1322 perperam
1507 1289 1528 1309 a
1541 1276 1702 1309 pomerio
1723 1277 1807 1308 (eod.
1823 1277 1869 1309 A.)

201 1346 236 1379 p.
254 1335 322 1369 338
338 1340 479 1370 notatus
497 1336 681 1370 dumtaxat
698 1335 799 1380 7900,
817 1337 946 1382 quippe
964 1348 1032 1382 quo
1049 1347 1195 1369 numero
1214 1335 1359 1370 offertur
1374 1335 1439 1370 tibi
1457 1336 1642 1370 Terentius
1661 1335 1706 1370 ad

202 1405 292 1428 saec.
311 1395 365 1430 IX
380 1397 570 1441 pertinens,
588 1398 688 1431 cuius
704 1397 741 1430 in
756 1397 871 1442 primo
888 1396 973 1430 folio
987 1407 1158 1442 personae
1172 1400 1367 1435 atramento
1381 1395 1610 1430 adumbratae
1623 1408 1706 1430 con—

201 1455 406 1500 spiciuntur.
440 1455 541 1490 Idem
557 1456 714 1501 neglexit
738 1456 989 1501 Vanderboury,
1006 1455 1095 1490 alter
1112 1454 1269 1489 Gallicus
1289 1455 1413 1498 editor,
1430 1455 1508 1489 Vol.
1526 1455 1554 1489 I.
1571 1469 1606 1501 p.
1625 1456 1705 1490 387.

200 1513 311 1548 Foliis
341 1519 458 1548 autem
486 1525 558 1549 CLV
587 1516 865 1550 membranaceis
893 1516 1057 1549 maximis
1084 1512 1249 1562 princeps
1280 1520 1400 1549 noster
1432 1514 1522 1550 liber
1555 1520 1703 1560 constat,

201 1586 351 1620 quorum
372 1586 394 1608 a
416 1576 564 1621 septimo
589 1577 761 1620 vigesimo
784 1576 830 1610 ad
851 1577 1181 1622 quinquagesimum
1206 1580 1345 1609 sextum
1365 1588 1475 1621 usque
1492 1586 1573 1610 xxx
1589 1575 1704 1610 Hora-

199 1634 297 1667 tiana
314 1639 404 1678 sunt,
422 1639 527 1681 atque
544 1636 686 1669 exeunti
702 1635 757 1670 IX
772 1635 830 1670 vel
846 1636 981 1670 ineunti
998 1635 1135 1669 decimo
1153 1634 1466 1680 assignandusest.
1504 1635 1614 1670 Liber
1630 1641 1706 1669 erat

199 1692 379 1728 Puteanus
409 1695 484 1728 sive
508 1695 748 1729 Puteanorum
773 1696 931 1729 fratrum.
979 1695 1112 1729 Verum
1137 1696 1229 1728 enim
1252 1700 1336 1737 erat,
1357 1700 1447 1729 teste
1468 1704 1601 1739 HASIO,
1627 1696 1703 1729 uiro

200 1754 345 1797 eximio,
370 1755 446 1800 ipse
469 1754 638 1789 Claudius
659 1755 751 1799 Put.,
768 1757 805 1789 in
825 1756 907 1790 libri
928 1756 1044 1790 fronte
1058 1756 1118 1801 qui
1134 1754 1263 1789 haecce
1282 1755 1435 1800 scripsit:
1456 1754 1590 1797 „Liber
1606 1760 1705 1800 quat-

199 1817 280 1847 tuor
292 1812 509 1849 Carminum.
526 1814 618 1850 liber
630 1815 778 1861 epodon.
797 1815 1023 1862 epistolarum
1037 1814 1127 1849 liber
1143 1815 1161 1848 I
1179 1826 1259 1848 cum
1277 1814 1498 1848 Comment.“
1522 1814 1704 1849 Vanderb.

200 1871 286 1906 dicit
313 1873 543 1917 „Carminum
572 1874 676 1909 libros
705 1876 854 1920 quinque
882 1886 963 1909 cum
989 1874 1142 1909 Acronis
1171 1874 1422 1909 commentario
1451 1880 1555 1919 atque
1588 1875 1704 1920 epistt.

198 1929 258 1966 lib.
277 1930 317 1965 I“
339 1944 419 1968 eum
440 1934 638 1982 complecti.
685 1935 733 1970 Et
756 1947 879 1970 uerum
898 1935 1018 1982 utique
1040 1939 1108 1979 est,
1134 1939 1216 1981 post
1230 1933 1359 1969 librum
1376 1933 1524 1968 odarum
1540 1939 1705 1980 quartum

199 1990 291 2025 hanc
307 1992 447 2027 scholiis
463 1994 583 2030 datam
600 2007 676 2030 esse
691 1996 973 2042 inscriptionem:
1021 2001 1309 2039 „EXPOSITIONV
1328 2003 1490 2029 HORATH
1507 2004 1618 2029 11131111
1635 2004 1704 2029 1111.
1720 2029 1724 2032 ,

199 2054 384 2087 nxrmcffi.
401 2062 545 2089 mcu’rr
563 2065 676 2090 LIBER
694 2055 753 2100 v“‚
779 2060 933 2090 attamen
957 2056 994 2090 in
1014 2056 1127 2101 ipsius
1148 2055 1290 2089 Horatii
1307 2054 1430 2089 codice
1448 2054 1605 2089 eiusdem
1620 2054 1703 2090 libri

200 2115 234 2144 et
260 2122 385 2145 manus
413 2112 547 2149 ibidem
574 2114 704 2161 legitur
730 2115 875 2150 haecce:
927 2124 963 2157 Q·
990 2123 1139 2150 nomn
1169 2124 1300 2150 FLAcm
1325 2118 1504 2150 (1131111117
1529 2118 1601 2149 LIH.
1634 2123 1702 2149 1111.

198 2174 349 2206 ΕΧΡωόῖ
357 2180 504 2206 mclrn)
522 2174 770 2215 (sicmponon
787 2184 996 2210 mmcffnn.
1023 2175 1229 2210 Oarminum
1239 2174 1299 2209 lib.
1310 2174 1328 2208 I
1340 2175 1607 2221 inscriptionem
1619 2174 1703 2209 vide

199 2242 263 2264 suo
291 2230 381 2265 loco.
429 2231 517 2265 Post
537 2235 629 2268 vitas
657 2235 736 2269 illas
761 2225 850 2269 duas
875 2236 932 2270 111
949 2241 984 2269 et
999 2234 1036 2268 ΙΙ
1064 2236 1171 2269 etiam
1194 2236 1233 2268 in
1257 2235 1335 2269 aliis
1360 2234 1463 2268 codd.
1490 2234 1629 2278 obuias,
1656 2234 1701 2269 de
1737 2235 1745 2241 '

198 2290 325 2335 quibus
346 2289 433 2324 alias
449 2290 593 2325 uberius
613 2293 882 2340 disputauimus,
899 2296 1057 2329 carmina
1072 2295 1189 2341 posita
1202 2300 1283 2328 sunt
1298 2300 1403 2341 atque
1420 2294 1535 2341 epodi,
1553 2306 1703 2340 quorum

197 2348 291 2383 totus
311 2359 394 2384 xvn
411 2355 446 2386 et
463 2350 591 2385 decimi
608 2354 699 2387 sexti
719 2365 844 2389 versus
861 2356 1012 2390 extremi
1026 2355 1111 2389 isse
1133 2367 1154 2389 a
1176 2356 1322 2398 septimo
1340 2356 1511 2400 vigesimo
1528 2366 1639 2401 usque
1656 2354 1703 2389 ad

197 2409 305 2443 finem
329 2410 450 2444 omissi
474 2410 549 2443 siue
570 2410 700 2446 sublati
722 2419 813 2448 sunt.
862 2415 1016 2450 Carmen
1032 2414 1212 2450 saeculare
1228 2415 1320 2448 inest
1351 2419 1456 2461 atque
1473 2414 1702 2461 epistularum

196 2471 303 2517 primi
326 2470 408 2505 libri
431 2482 514 2517 pars
540 2483 629 2518 quae
654 2483 735 2506 cum
750 2473 780 2527 1,
798 2474 831 2518 6,
850 2474 896 2508 64
918 2472 1124 2522 (voluptas.)
1151 2476 1241 2520 exit,
1267 2474 1361 2509 unde
1383 2474 1511 2510 lacuna
1526 2486 1637 2521 usque
1655 2474 1701 2508 ad

1477 2533 1486 2550 ι
1498 2530 1512 2543 .
