1936 2749
1620 64 1665 98 19

154 157 326 204 scriptum
346 161 414 201 est:
437 156 569 201 ,Fnus
600 156 699 192 Laus
714 151 820 192 Deo!
850 152 922 201 Est
943 153 1086 188 omnino
1102 153 1193 188 inter
1207 153 1321 190 bonos
1337 154 1458 190 libros.
1506 155 1555 191 Et
1570 156 1662 190 uitas

154 220 192 251 et
205 215 309 263 plura
324 228 414 263 quae
430 218 596 263 grauiora
611 215 825 252 uidebantur
840 211 976 248 scholia
991 211 1135 248 contuli.
1185 211 1299 260 (Sign.
1317 213 1371 260 x).

249 276 305 310 41.
340 275 427 312 Cod.
453 277 669 312 Florentium
692 272 857 312 Riocard.
882 271 968 317 893,
994 272 1147 308 chartac.
1164 274 1203 308 in
1218 273 1263 320 47,
1280 280 1421 320 praeter
1435 275 1658 310 Priscianum
1676 290 1755 320 (eod,
1770 287 1811 325 9,)

156 335 202 369 de
217 336 443 381 ponderibus,
459 337 629 380 Petronii,
645 333 826 379 Fulgentii
838 332 1056 379 aliorumque
1069 334 1202 380 scripta
1213 333 1295 368 inde
1309 346 1330 367 a
1343 334 1429 368 folio
1439 333 1543 368 CXII
1555 333 1662 369 habet

161 392 296 429 Comm.
313 395 445 442 Porph.
462 396 500 430 in
516 400 580 429 art.
597 392 654 441 po.
678 404 742 427 sex
763 390 850 427 folia
866 391 1167 438 complectentem,
1199 392 1318 427 Rubro
1335 392 1452 433 colore
1468 393 1659 440 inscriptus

156 459 228 496 est:
262 455 488 502 ‚Explanatio
509 453 708 502 porfirionis
732 464 838 498 super
858 451 999 486 Horatii
1028 452 1150 487 Flacci
1175 453 1332 498 poetria!
1377 453 1506 500 Incipit
1534 453 1659 488 eodem

156 513 261 547 modo
278 519 313 548 et
329 516 401 549 eicit
417 527 485 561 quo
503 514 582 553 edd.
600 514 768 547 Venetae.
817 511 883 545 Est
903 516 1019 545 autem
1039 512 1077 545 in
1093 511 1195 545 Italia
1215 517 1380 546 exaratus
1403 514 1447 547 ab
1465 514 1658 547 exercitata

156 585 263 607 manu
287 578 391 620 atque
416 573 501 609 haut
516 573 676 616 indocta,
702 583 792 618 quae
816 570 918 618 plura
942 571 1084 621 collegit
1108 576 1146 605 ut
1169 571 1377 606 petrarchae
1397 577 1655 617 testamentum,

156 633 301 667 Homeri
315 635 434 678 uitam,
457 621 675 668 Nicherottz‘
687 632 883 666 ora'tionem
899 631 943 682 de
960 631 1159 666 abdicando
1178 644 1262 666 auro
1280 638 1314 672 et
1330 645 1487 678 purpura
1503 633 1654 667 mulieri-

155 692 239 736 bus,
262 692 544 739 P099i2·a‹1nott.‚
569 693 673 727 Leon.
700 691 840 725 Aretim'
853 691 988 726 Comm.
1012 703 1129 725 rerum
1156 703 1376 736 graecarum,
1401 692 1593 725 Gnarz'num
1611 691 1654 726 de

155 751 382 799 diphthongis
394 758 459 787 etc.
489 752 609 787 Rubra
624 756 659 785 et
674 756 752 785 atra
767 752 906 795 registri
918 751 1028 786 uerba
1043 752 1079 785 in
1096 763 1230 786 morem
1239 751 1409 787 Italorum
1421 751 1513 786 illius
1530 753 1654 786 aetatis

152 811 203 845 ad
224 813 419 855 marginem
442 812 717 858 conspiciuntur.
765 810 807 843 In
828 811 897 844 fine
920 812 1089 856 scriptum
1108 816 1175 845 est:
1214 811 1348 855 ‚Fim‘sst
1390 811 1511 844 Pauca
1533 813 1652 845 notaui

157 869 268 915 <Sigm-
286 870 332 917 ρ)·
404 916 409 921 ,
554 918 557 921 ,

248 931 303 963 42.
338 931 426 965 Cod.
447 930 658 964 Parisienszzs
689 930 792 973 7987,
820 930 1055 964 membranae.
1081 940 1199 979 (jx-XVI
1222 930 1465 974 foliislaeuis,
1494 930 1654 964 candidis
1670 930 1746 962 (Cod-
1763 928 1802 962 ει)

159 989 360 1036 formaeque
383 990 570 1035 oblongae,
599 990 636 1024 in
657 1001 725 1035 quo
747 990 857 1024 uitam
878 990 945 1034 IV,
967 991 1148 1037 inscriptio
1169 991 1226 1025 cui
1247 991 1450 1037 praeposita
1476 996 1527 1024 est
1551 990 1653 1025 haec:

159 1050 252 1091 ,Vita
274 1049 392 1083 Oracii
416 1062 479 1095 per
495 1048 789 1095 Porphz'rionem‘,
813 1040 968 1094 sequitur
989 1049 1256 1083 Commentarius
1272 1050 1397 1094 Porph.
1416 1049 1465 1082 ad
1482 1049 1654 1091 Carmina,

159 1108 272 1157 Artem
288 1109 464 1153 poeticam,
485 1107 628 1142 Carmen
644 1108 832 1153 saeculare,
850 1108 1000 1154 Epodos,
1017 1108 1192 1143 Sermones
1209 1116 1307 1154 atque
1323 1108 1503 1154 Epistulas
1519 1110 1654 1154 integer

158 1168 246 1212 fere,
285 1169 314 1202 si
348 1181 548 1203 sermonum
584 1167 721 1214 partem
754 1169 911 1216 duosque
944 1182 1067 1204 uersus
1108 1170 1290 1215 exceperis
1324 1175 1510 1204 extremos.
1552 1196 1555 1197 ν
1571 1169 1655 1203 Exit

159 1229 252 1261 enim
277 1240 357 1261 cum
382 1228 500 1262 uerbis
526 1228 572 1262 ad
596 1229 710 1274 epistt.
736 1228 790 1272 ΙΙ,
820 1229 842 1262 2
870 1241 1011 1263 versum
1026 1222 1350 1275 .antepenulti1num
1378 1229 1652 1275 pertinentibus:

158 1300 192 1330 ‚a
221 1289 339 1320 iuuene
366 1287 578 1332 ladg'fi'ceturf
625 1289 695 1322 Hic
718 1288 832 1323 codex
858 1288 939 1323 licet
958 1290 1207 1336 cuiuscumque
1230 1289 1326 1323 modi
1349 1294 1482 1323 scateat
1503 1289 1651 1334 mendis,

159 1359 247 1392 quae
269 1348 397 1392 partim
419 1359 463 1381 ex
484 1348 699 1392 negligentia
721 1349 857 1383 scribae
879 1349 1039 1394 profecta
1061 1354 1142 1382 sunt
1162 1350 1221 1394 qui
1244 1349 1353 1382 latina
1371 1361 1459 1394 quae
1478 1349 1655 1383 scribebat

158 1406 265 1440 uerba
281 1407 422 1441 minime
441 1407 610 1453 sapiebat,
629 1420 673 1442 ex
689 1408 782 1443 bono
800 1414 917 1443 tamen
929 1399 1020 1443 libro
1040 1415 1134 1443 ortus
1152 1408 1292 1443 uidetur
1308 1414 1342 1442 et
1359 1409 1508 1454 optimas
1530 1408 1656 1442 multas

158 1465 323 1499 lectiones
340 1467 533 1500 confirmat.
581 1468 728 1501 Praeter
749 1467 883 1502 Comm.
902 1470 987 1502 artis
1004 1470 1162 1514 poeticae
1180 1473 1291 1501 totum
1308 1467 1409 1513 plura
1426 1468 1495 1501 alia
1512 1468 1654 1501 contuli.

159 1524 269 1568 (Sign.
287 1523 335 1569 g).
