1936 2749
172 1624 217 1655 <⁰-)

238 83 287 119 30

1043 116 1057 127 1

239 188 313 212 non
338 176 452 215 solum
475 176 747 211 commentarios
772 164 923 211 Rei-onis
939 173 1096 222 integros
1112 181 1167 211 set
1182 177 1289 212 ctiam
1302 171 1574 231 iptinHOtOfii
1585 181 1755 228 Q
1786 166 1788 169 V
1810 211 1815 216 ,

241 236 345 270 offert
361 247 472 283 eaque
489 241 524 270 et
539 235 585 271 ad
601 235 711 278 libros
728 234 828 270 etad
841 235 1001 269 carmina
1009 246 1138 329 {orum
1154 235 1293 281 singula
1308 235 1753 284 inscriptionibus-cedd.
1802 238 1806 240 ’
1827 224 1831 227 ’
1852 223 1918 236 ³

241 308 326 336 mss.
342 296 460 343 petitis
477 300 611 330 ornata.
639 295 775 339 Lodov.
794 293 838 329 de
851 294 1017 331 Strazaro
1044 307 1061 329 s
1078 291 1193 331 editor
1207 296 1246 330 in
1260 295 1436 342 principio
1451 295 1568 342 dictae
1583 295 1754 344 epistulae

241 357 364 402 posuit
387 356 533 391 haecce:
577 382 599 399 ,‚
622 381 631 389 .
654 381 662 388 .
687 354 827 389 Horatii
851 348 864 389 ,⁷
883 380 892 388 .
922 350 1091 401 opuscula
1120 354 1407 390 emendatissima
1434 347 1572 394 diebus·
1590 356 1752 403 proxime

242 416 371 462 elapsis
380 427 444 462 pro
455 415 587 460 ingenii
594 414 705 448 nostri
714 414 1244 461 possibilitaterecognoscenda
1251 427 1322 450 una
1330 407 1568 459 cumAcronis
1577 427 1753 460 commen·
1766 414 1769 416 ’

242 475 364 510 tatoris
379 472 611 520 'expositione
637 474 888 520 percurrimus.
938 473 1099 518 Quorum
1129 475 1357 521 (quiaplures
1372 474 1596 520 undecunque
1612 475 1753 522 eollege-

242 530 357 568 romus
378 533 523 575 codices)
549 546 630 568 cum
654 535 691 569 in
715 534 817 569 nouis
837 539 911 568 tum
927 534 985 569 uel
1001 535 1113 579 magis
1131 535 1168 569 in
1184 535 1362 570 ueteribus
1379 540 1414 569 et
1430 535 1576 569 cariosis
1589 532 1752 570 innume-

240 591 369 629 rabiles
395 594 605 628 offendimus
631 594 789 628 mendas.
837 594 885 629 Et
910 594 977 629 hoc
1004 607 1059 629 me
1079 595 1115 629 in
1132 607 1297 640 magnam
1314 585 1582 629 admirationem
1598 594 1754 629 detraxit

240 653 406 688 uidelicet
430 658 572 699 poetam
596 654 632 687 in
658 654 746 687 iocis
770 659 841 687 tam
864 647 1049 700 lepidumj
1066 655 1102 688 in
1125 654 1420 700 repraehensione
1442 659 1515 688 tam
1530 666 1697 699 grauem,
1716 655 1752 688 in

240 712 461 759 quottidiano
484 724 645 747 sermone
667 717 739 747 tam
763 712 954 757 urbanum,
972 713 1008 747 in
1025 713 1186 748 omnibus
1204 712 1355 759 denique
1371 718 1444 753 tam
1463 713 1699 748 universalem
1713 717 1754 762 ‘ut

240 773 337 807 nulla
352 785 435 819 pars
452 785 517 819 pro
536 772 761 808 Characteris
781 770 861 817 (sie)
885 774 939 807 sui
957 773 1124 819 qualitate
1142 772 1288 807 alteram
1307 785 1473 819 superare
1490 773 1662 817 uideatur,
1679 778 1752 808 tam

241 832 465 877 negligenter
494 832 671 866 amissum.
723 832 777 865 De
807 833 941 866 Acrone
973 840 1082 865 autem
1113 833 1209 866 cuius
1238 833 1307 866 tria
1339 832 1543 866 habebamus
1576 832 1753 866 uolumina

240 892 376 927 nullum
404 892 477 927 fere
506 892 654 927 uerbum
683 905 727 929 ne
758 891 874 927 dicam
900 893 1109 927 sententiam
1138 891 1261 927 aderat
1292 893 1329 927 in
1356 905 1426 927 uno
1450 906 1457 927 :
1483 892 1578 939 quod
1599 892 1694 927 idem
1716 892 1752 927 in

240 952 318 987 aliis
343 966 351 986 :
374 958 434 988 aut
455 952 595 987 adesset
619 966 627 987 ε
649 959 710 986 aut
734 953 963 998 deprauatum
989 954 1018 986 si
1040 953 1163 987 aderat
1185 953 1361 998 legeretur
1384 965 1391 986 :
1414 953 1560 998 perinde
1577 965 1619 986 ac
1636 954 1751 986 sinon

240 1025 349 1046 unum
366 1011 431 1047 sed
453 1012 614 1047 diuersos
637 1008 855 1058 exponerent
877 1012 1070 1047 Horatios.‘
1119 1012 1220 1055 Quae
1244 1012 1298 1046 his
1320 1011 1593 1058 subsequuntur,
1619 1022 1689 1046 non
1707 1011 1753 1045 ad

240 1085 315 1107 rem
340 1073 485 1107 faciunt.
510 1072 568 1107 Ex
593 1072 719 1119 quibus
736 1073 803 1107 hoc
822 1078 915 1107 certe
931 1077 1149 1119 compertum
1165 1072 1346 1116 habemus,
1364 1072 1533 1106 editorem
1550 1072 1596 1106 ad
1612 1077 1753 1118 poetam

240 1132 566 1177 recognoscendum
580 1132 698 1178 plures
712 1132 954 1178 undecumque
967 1131 1132 1166 collectos
1150 1132 1353 1166 adhibuisse
1370 1132 1520 1175 codices,
1539 1131 1586 1165 ad
1601 1130 1753 1166 Acronis

240 1192 532 1226 commentarium
549 1193 617 1225 tria
634 1191 819 1225 uolumina.
860 1191 908 1225 At
925 1203 1008 1225 uero
1026 1191 1169 1237 quinam
1187 1196 1221 1225 et
1238 1191 1358 1238 quales
1376 1191 1412 1225 hi
1430 1190 1668 1235 libri'fuerint,
1681 1203 1752 1225 non

240 1253 356 1286 minus
374 1251 578 1297 ambiguum
596 1257 649 1286 est
666 1264 771 1298 quain
788 1252 865 1296 hoc,
884 1252 1073 1286 discrimen
1091 1256 1252 1286 utrumne
1271 1251 1518 1286 inter'codioes
1535 1257 1639 1298 atque
1655 1251 1752 1286 uolu-

240 1312 336 1345 mina
365 1317 517 1346 statuere
546 1312 602 1346 vir
624 1312 747 1346 doctus
772 1311 829 1345 ille
854 1302 1005 1345 uoluerit
1029 1323 1095 1345 nec
1119 1323 1173 1345 ne.
1225 1311 1329 1354 Quod
1355 1312 1384 1345 si
1409 1311 1534 1355 uoluit,
1564 1310 1752 1347 uerisimile

240 1371 392 1406 arbitror
410 1371 522 1405 dictas
541 1384 618 1405 esse
630 1376 701 1405 tres
714 1371 792 1405 illas
806 1371 976 1405 editiones
990 1359 1208 1414 uetustiores,
1226 1371 1354 1417 quippe
1367 1377 1550 1417 utramque
1558 1371 1753 1406 Romanam

241 1437 347 1477 atque
373 1431 690 1475 Mediolanensem,
718 1430 760 1465 de
778 1420 904 1477 <suibus
930 1443 1038 1477 supra
1064 1430 1228 1465 diximus.
1271 1431 1395 1465 Nullus
1420 1437 1538 1466 tamen
1563 1432 1650 1466 certi
1667 1432 1752 1478 quid

243 1491 409 1537 profiteri⁸
419 1491 462 1525 de
480 1490 534 1524 his
553 1490 695 1525 ualebit.
726 1490 839 1535 (Sign.
858 1489 909 1536 v.)
1073 1488 1076 1491 ’

334 1551 454 1584 Libris
473 1549 576 1583 huius
594 1551 733 1595 generis
751 1551 846 1584 omni
863 1551 939 1584 iure
957 1550 1242 1584 adnumerandus
1261 1555 1314 1584 est

334 1611 390 1645 49.
431 1609 836 1654 ‚OOMMENTATOR‘
861 1610 1002 1645 ιΪΑΟΟΒΙ
1029 1610 1214 1653 CRUQUll,
1242 1609 1285 1645 de
1311 1623 1379 1656 quo
1406 1616 1456 1645 tot
1481 1616 1623 1657 tamque
1649 1609 1751 1645 uaria

243 1672 446 1716 accepimus
474 1669 608 1704 iudicia
637 1682 726 1715 quae
756 1671 792 1703 in
817 1670 1036 1715 praefatione
1065 1671 1264 1704 accuratius
1287 1670 1505 1716 perpendere
1530 1671 1749 1705 conabimur.

239 1731 334 1765 Usus
368 1742 445 1763 sum
478 1729 632 1763 editione
669 1741 724 1771 ‚ex
758 1729 898 1762 officina
935 1729 1162 1763 Plantiniana
1196 1729 1452 1775 Raphelengii.‘
1489 1739 1559 1765 clo.
1594 1739 1639 1763 10.
1674 1740 1750 1764 CXI.

240 1789 357 1834 (Sign.
376 1788 433 1835 C).
