1936 2749
373 197 491 241 Quam
507 196 709 243 generalem
725 196 991 243 inscriptionem
1008 197 1191 247 excipiunt
1207 197 1354 242 singulis
1370 198 1573 245 quibusque-
1584 202 1786 245 poematum

278 257 470 303 generibus
492 253 597 292 datae
620 255 807 303 speciales,
829 255 1012 303 inquibus
1034 256 1208 303 expositio
1224 254 1384 291 Acronis·
1396 257 1456 292 uel
1478 264 1707 293 commentum
1714 255 1788 300 ,ut

279 318 456 364 principio
477 318 683 360 carminum,
701 316 747 350 ad
763 316 994 361 epistularum
1009 320 1082 350 tam
1098 317 1237 350 initium
1254 327 1360 362 quam
1375 316 1497 360 finem,
1515 323 1619 364 atque
1634 318 1672 352 in
1688 317 1792 351 ealce

280 378 388 413 totius
409 377 489 412 libri
511 376 654 419 dicitur,
681 374 737 409 uel
758 376 1106 425 commentarium-ut
1130 377 1167 410 in
1189 376 1259 410 fine
1281 375 1341 410 lib.
1356 374 1418 410 III
1435 381 1470 410 et
1491 376 1555 420 IV,
1578 376 1663 412 dum
1678 389 1712 411 u.
1731 389 1788 410 ecc-

276 437 435 483 planati«)
463 435 771 480 (‚PORPn1RIOle
798 444 1037 469 GRAMMATlCI
1068 445 1318 470 EXPLANATIO
1349 445 1389 469 IN
1414 445 1544 470 ARTEM
1576 445 1786 480 POETICAM.
1812 434 1814 437 ’

281 505 399 530 FINIT.
448 492 625 528 EIUSDEM
643 503 684 528 IN
703 503 844 528 LIBIzos
865 503 1084 528 SERMONUM
1103 494 1272 535 INCIPIT‘)
1293 499 1374 541 post
1395 499 1506 529 artem
1527 495 1702 541 poeticam
1724 496 1787 529 ad—

279 554 434 597 hibetur,
464 554 564 588 cuius
587 566 607 587 a
629 554 911 599 capite'breuior
933 554 1054 588 existit
1075 554 1283 599 epigraphe:
1312 564 1471 598 ,INCIPIT
1491 545 1649 589 CARMEN
1672 564 1788 589 SECU—

280 612 408 648 LARE.‘
440 613 521 647 Non
537 624 725 659 possumus
738 613 824 660 quin
836 613 905 648 huc
919 612 1139 659 adponamus
1152 617 1187 647 et
1198 614 1395 661 principem
1407 614 1489 649 libri
1500 614 1767 661 inscriptionem
1777 626 1788 648 ε

277 682 585 718 ,PORPHIRIONIS.
601 682 857 708 GRAMMATICI.
879 681 1141 708 COMMENTIIM.
1157 684 1209 707 IN.
1228 674 1421 715 anwm.
1434 684 1651 709 HORATIUM.
1673 684 1787 708 FLAC-

278 742 358 767 CUM
388 742 548 766 POETAM
579 732 747 775 INCIPIT‘,
785 738 819 767 et
847 738 1059 767 extremam:
1103 742 1219 775 ,FINIS
1259 742 1465 767 COMMENTI
1503 742 1786 767 PORPHIRIONIS

277 801 521 827 GRAMMATICI
535 805 641 839 super
648 787 752 839 ffl'i‘s*
748 791 853 826 ualde
863 791 1045 836 mendosi‘,
1061 797 1180 838 utpote
1198 804 1303 838 quam
1323 792 1471 834 similem
1489 804 1530 826 ac
1547 792 1628 835 fere,
1638 792 1786 826 eandem

276 853 348 886 iam
372 864 418 886 ex
438 852 518 885 cod.
536 852 568 886 R
590 852 832 896 cognouimus.
881 851 981 885 Duos
1004 851 1067 885 hos
1089 851 1230 885 codices
1249 852 1376 897 quibus
1394 852 1454 885 alii
1481 851 1638 886 eiusdem
1665 852 1786 898 stirpis

276 917 316 945 ut
338 912 440 946 Rom.
457 911 582 946 Urbin.
601 911 669 945 398
692 910 755 955 (u)
770 910 954 955 accedunt,
977 923 1022 945 ex
1039 911 1164 945 eodem
1181 912 1277 945 fon‘te
1300 911 1445 945 fluxisse
1466 917 1563 957 patet
1586 923 1723 957 quoque
1740 924 1785 945 ex

277 972 444 1005 continuo
468 971 615 1005 odarum
639 970 761 1004 ordine
784 982 873 1016 quae
895 970 1132 1005 distinctionis
1153 970 1251 1004 nulla
1266 982 1331 1016 per
1346 970 1456 1005 libros
1474 970 1632 1015 singulos
1649 972 1787 1004 ratione

278 1030 399 1065 habita
416 1034 645 1064 numerantur
661 1031 710 1063 ita
727 1035 765 1063 ut
782 1042 811 1064 e.
830 1042 860 1063 c.
879 1031 993 1075 prima
1010 1029 1092 1064 libri
1110 1040 1154 1064 111
1172 1030 1217 1063 sit
1232 1029 1311 1074 ,ode
1329 1029 1407 1064 Lx!
1454 1029 1555 1064 Idem
1577 1030 1709 1064 factum
1733 1035 1784 1063 est

276 1091 314 1124 in
343 1088 487 1137 Acrone
513 1102 617 1136 quem
641 1102 721 1124 cum
749 1090 834 1124 folio
859 1099 955 1124 CVIII
981 1090 1094 1136 aperit
1117 1090 1316 1136 inscriptio:
1346 1098 1513 1124 ACRONIS
1539 1098 1783 1124 GRAMMATICI

277 1159 589 1185 COMMENTARIUS
610 1160 649 1184 IN
669 1159 809 1185 LIBROS
827 1159 1032 1185 CARMINUM
1050 1159 1185 1184 ORATII
1209 1150 1367 1194 INCIPIT,
1391 1162 1496 1196 quam
1517 1150 1612 1184 uitae
1633 1149 1713 1184 illae
1740 1160 1782 1183 111

280 1215 315 1245 et
332 1220 361 1244 II
379 1214 547 1244 consueto
565 1209 688 1243 ordine
706 1214 908 1255 sequuntur,
926 1210 1134 1243 intermissis
1152 1214 1186 1243 et
1202 1210 1404 1255 postpositis
1422 1209 1490 1243 illis
1506 1221 1595 1255 quae
1608 1215 1691 1243 nota
1704 1214 1787 1243 sunt

278 1270 438 1316 parergis
462 1268 505 1302 de
528 1269 647 1302 metris
671 1273 705 1302 et
727 1257 1001 1303 characteribus.
1050 1269 1254 1303 Notandum
1276 1274 1329 1303 est
1351 1274 1386 1303 et
1407 1269 1503 1314 ipsos
1527 1268 1660 1314 epodos
1685 1280 1785 1302 com-

278 1341 419 1363 munem
435 1328 534 1362 illum
552 1328 712 1362 ordinem
735 1329 925 1374 accepisse,
949 1340 1018 1374 quo
1041 1341 1069 1363 e.
1087 1340 1117 1362 c.
1135 1328 1269 1374 epodus
1294 1329 1467 1362 secundus
1488 1329 1580 1362 inter
1597 1328 1683 1363 odas
1695 1334 1784 1362 tam-

279 1401 386 1435 quam
409 1398 456 1422 CV
480 1388 641 1422 refertur.
690 1388 740 1422 Ut
761 1389 798 1421 in
820 1388 980 1434 plurimis
1003 1389 1052 1421 sic
1077 1389 1182 1421 etiam
1200 1389 1236 1431 in
1254 1388 1320 1422 hoc
1338 1394 1457 1422 nostro
1474 1392 1557 1433 p'ars
1576 1387 1677 1434 epod.
1697 1398 1782 1421 XVII

279 1448 454 1494 posterior
472 1446 590 1489 (Quod
613 1447 784 1480 obseratis
802 1448 881 1487 etc.)
900 1446 1042 1479 mutilus
1059 1452 1126 1490 est,
1149 1459 1274 1480 manus
1292 1452 1409 1480 autem
1425 1448 1539 1492 prima
1553 1447 1705 1492 margini
1722 1446 1783 1480 ad—

277 1505 561 1553 posuithaecce:
583 1505 707 1549 ‚deflevit
728 1506 892 1550 ewposicio
914 1505 1014 1538 huius
1037 1505 1146 1539 οιῖαε.ί
1193 1506 1236 1540 In
1254 1506 1351 1549 calce
1373 1506 1481 1540 literis
1504 1506 1619 1541 rubris
1643 1506 1784 1539 maiori-

277 1567 343 1602 bus
362 1567 495 1612 scripta
511 1578 542 1600 a.
564 1567 592 1599 1.
611 1578 656 1599 m.
674 1566 763 1600 haec
780 1565 958 1611 leguntur:

423 1639 425 1641 ·
447 1635 553 1659 FINIT
568 1628 734 1659 ACRONIS
749 1635 997 1659 COMMENTUM
1013 1635 1052 1659 IN
1070 1635 1203 1659 ORATII
1217 1635 1422 1660 CARMINUM
1436 1635 1576 1660 LIBROS
1592 1636 1662 1660 1111.
1690 1635 1785 1659 EPO—

447 1695 611 1727 DONQUE
632 1695 680 1722 ΕΤ
699 1694 853 1720 CARMEN
874 1694 1086 1720 SECULARE.

277 1746 467 1791 Duplicem
485 1745 577 1778 hunc
597 1745 753 1778 codicem
771 1745 889 1778 multis
907 1744 994 1778 locis
1012 1744 1168 1778 adhibui.
1193 1744 1307 1789 (Sign.
1326 1744 1377 1790 h.)

137 1820 216 1851 (ςυᾱ,
233 1821 269 1855 2.)
313 1808 320 1814 ”
372 1804 406 1846 *)
433 1804 522 1839 Cod.
545 1803 732 1837 Bernemis
757 1803 825 1837 516
850 1802 1005 1837 chartac.
1028 1802 1193 1837 foliorum
1216 1813 1327 1838 CCLII.
1360 1803 1419 1837 Ad
1442 1803 1573 1837 calcem
1596 1803 1683 1837 haec
1701 1803 1785 1838 sub-

279 1865 424 1911 scriptio
442 1869 608 1911 apparet:
626 1864 755 1908 ,τελως.
805 1863 927 1897 Petrus
944 1864 1083 1897 Marsas
1108 1863 1252 1898 Ve'terbii
1264 1865 1405 1909 scripsit
1420 1865 1516 1898 bonis
1534 1864 1656 1898 auibus
1672 1864 1781 1911 Xysto

271 1924 432 1969 pontifice
449 1925 637 1968 imperante
654 1936 743 1955 auno
761 1923 882 1955 salutis
903 1920 1015 1956 1472.‘
1051 1922 1208 1959 Exhibet,
1230 1916 1347 1956 autem
1367 1924 1462 1957 foliis
1479 1933 1554 1957 CLX
1568 1924 1783 1967 ,Porphyrio-

277 1984 331 2017 m's
348 1983 640 2018 commentarium
657 1982 730 2017 fere
747 1982 933 2028 integrum,
952 1987 986 2016 et
1003 1981 1144 2028 quidem
1162 1981 1229 2016 hoc
1248 1982 1385 2017 ordine:
1409 1983 1445 2017 in
1464 1983 1634 2025 carmina,
1658 1982 1782 2029 epodos

277 2048 311 2077 et
329 2056 465 2077 carmen
482 2042 674 2084 saeculare,
692 2049 797 2075 artem
809 2044 994 2087 poetieam,
1012 2054 1179 2075 sermones
1197 2048 1300 2087 atque
1318 2042 1495 2086 epistulas,
1513 2044 1550 2076 in
1567 2055 1714 2088 quarum
1731 2043 1781 2076 ul-

275 2103 363 2136 tima
379 2103 453 2137 exit
469 2114 549 2136 cum
567 2101 701 2136 scholio
719 2101 765 2135 ad
781 2114 814 2135 v.
836 2101 916 2135 155:
940 2108 976 2135 ac
991 2101 1026 2134 εἰ
1040 2101 1195 2144 diuitiae,
1219 2106 1339 2148 utpote
1357 2101 1451 2148 quod
1467 2114 1538 2136 non
1555 2101 1660 2148 plane
1677 2101 1780 2136 abso-

276 2161 388 2195 lutum
405 2162 523 2196 uerbis
541 2169 571 2194 et
586 2162 698 2195 minus
716 2161 866 2206 reliquit.
902 2161 1074 2204 Quamuis
1092 2155 1149 2195 h'ic
1166 2161 1423 2207 Porphyrionis
1441 2161 1530 2195 liber
1547 2173 1629 2200 mon
1646 2160 1782 2194 meliori

278 2220 432 2265 gaudeat
453 2220 577 2254 habitu
599 2225 761 2264 externo,
790 2221 921 2266 quippe
938 2232 1034 2264 cum,
1056 2221 1262 2266 priusquam
1278 2220 1431 2254 Bernam
1452 2219 1642 2254 translatus
1664 2219 1780 2263 fuerit,

278 2279 421 2314 humido
440 2292 508 2326 quo
527 2280 610 2314 olim
627 2280 886 2323 asseruabatur‚
905 2279 983 2314 loco
997 2279 1043 2313 ad
1056 2280 1239 2314 dimidiam
1252 2292 1363 2325 usque
1376 2285 1513 2325 partem
1527 2278 1671 2323 singulis
1685 2278 1784 2313 foliis

279 2338 431 2383 pollutus
449 2344 554 2385 atque
569 2344 642 2373 tam
659 2339 907 2374 miserabiliter
922 2339 1039 2374 laesus
1058 2343 1092 2373 et
1108 2338 1281 2373 laceratus
1299 2340 1353 2382 sit,
1371 2343 1409 2372 ut
1424 2349 1554 2383 magna
1569 2338 1679 2384 ipsius
1694 2338 1782 2384 liga·

279 2401 378 2431 turae
401 2410 484 2443 pars
506 2398 653 2433 humore
675 2403 884 2444 consumpta
911 2410 953 2432 ac
980 2398 1166 2444 putredine
1189 2397 1398 2441 aboleuerit,
1428 2402 1547 2431 tamen
1567 2398 1605 2431 in
1627 2399 1783 2444 optimae

277 2460 383 2490 notae
404 2456 503 2490 libris
524 2457 708 2492 habendus
730 2463 834 2504 atque
857 2456 1020 2492 omnibus
1041 2457 1202 2503 partibus
1219 2456 1518 2491 commendandus
1534 2456 1684 2491 uidetur.
1732 2456 1787 2500 At.

277 2515 372 2550 enim
389 2526 469 2549 cum
486 2515 625 2560 longius
642 2517 732 2551 foret
748 2517 806 2551 hic
824 2517 867 2551 de
884 2517 983 2551 Petri
995 2516 1158 2551 Danielis
1172 2516 1353 2551 codicibus
1368 2516 1551 2560 disserere,
1569 2528 1640 2550 non
1657 2515 1783 2551 dubito
