1936 2749
1587 86 1628 120 1⁰1

112 153 357 220 xmata-melnae
364 174 449 210 mdc
463 174 628 218 cernitur,
636 179 816 222 quantum
826 174 945 217 uideo,
961 173 1092 219 prima3
1109 174 1192 208 inde
1205 186 1227 208 a
1238 174 1324 210 folio
1337 185 1495 211 xxxvm
1506 188 1633 212 manus

125 220 283 272 occilit&
291 232 453 268 scribere
469 234 654 280 perrexit.
679 234 780 269 Haut
794 243 909 280 potua
923 231 1109 277 diligentia
1124 236 1218 267 totus
1235 233 1325 269 liber
1340 239 1394 269 est
1409 237 1631 283 conscriptus

125 295 186 341 qui
209 294 248 328 in
271 292 519 339 Porphyrione
542 292 714 340 persaepe
738 303 823 327 cum
846 291 1060 327 editionibus
1085 292 1174 326 Ven.
1201 292 1296 327 facit.
1345 292 1488 328 Contuli
1513 294 1630 340 plures

125 356 254 398 partes.
281 348 396 397 (Sign.
412 351 463 398 4.)

217 410 307 447 Inde
320 424 341 447 a
354 412 439 448 folio
457 422 506 448 cx
517 424 628 459 usque
638 411 686 447 ad
694 419 768 446 cuc
785 409 1065 446 Commentarius
1084 410 1227 446 Cornuti
1237 413 1276 447 in
1289 411 1444 446 Persium
1460 412 1631 447 Flaccum

125 472 259 518 positus
276 475 329 507 e'st
346 473 502 509 eiusdem
523 473 663 515 aetatis,
685 470 915 516 inscriptione
936 472 996 517 qui
1017 483 1091 506 non
1105 472 1246 516 gaudet.
1293 471 1343 506 At
1358 474 1453 507 enim
1469 485 1554 507 uero
1571 485 1630 507 ne-

126 543 193 578 que
219 532 262 567 de
284 531 350 567 hoc
373 532 513 567 dicendi
537 543 631 567 nunc
654 530 753 565 locus
778 534 831 564 est
854 542 969 576 neque
990 529 1034 565 de
1056 530 1179 565 codice
1204 531 1244 566 C.
1263 531 1417 566 Suetonii
1433 532 1635 577 Tranquilli

127 591 170 626 de
184 590 432 627 Grammaticis
450 597 484 627 et
496 591 709 627 Rethoribus
723 586 819 636 (sic),
841 591 901 636 qui
915 602 937 624 a
954 589 1036 624 folio
1050 599 1136 625 cmm
1152 603 1264 637 usque
1280 591 1327 626 ad
1344 601 1490 626 ommni
1506 592 1628 636 tendit,

128 650 222 685 unde
240 660 272 685 c.
290 660 469 686 CORNELll
490 660 618 687 TAcrrl
636 650 794 695 dz'aloyus
807 649 848 682 de
856 650 1046 683 oratoribus
1062 652 1229 696 sequitur,
1245 652 1304 696 qui
1318 653 1390 685 exit
1401 663 1482 685 cum
1494 651 1627 685 verbis:

128 710 228 751 Quod
243 723 299 756 eqo
316 718 353 744 ut
367 713 611 756 incompertum
627 710 664 743 in
680 709 828 742 medium
844 709 1047 754 relinquam.
1065 710 1155 743 finis.
1175 711 1283 752 θελος
1301 709 1390 754 (sic).

218 769 273 803 35.
313 770 400 805 Cod.
424 771 600 805 Romanus
624 768 705 803 Vat.
729 768 822 803 3315
846 768 941 803 foliis
971 778 1045 803 0011
1071 769 1267 803 chartaceis
1292 774 1456 810 constans
1481 771 1564 805 item
1588 771 1624 805 in
1645 771 1722 802 (eud.
1739 772 1778 802 ⁵-)

128 831 242 865 forma
261 843 293 877 q.
312 831 345 865 d.
363 833 399 865 in
416 826 503 866 folio
521 830 566 865 ab
583 842 655 864 una
671 828 865 875 eademque
882 842 990 864 manu
1006 835 1183 873 exaratus,
1202 843 1271 876 quo
1289 832 1512 865 continentur
1525 831 1627 866 Com-

126 892 291 924 mentarii
306 891 555 935 Porphyrionis
571 890 609 923 in
629 888 807 930 Carmina,
825 888 970 933 Epodon
990 889 1127 932 librum,
1149 889 1292 922 Carmen
1309 902 1397 923 saec.
1404 916 1412 932 ,
1438 891 1513 928 Art.
1527 897 1627 934 poet„

125 948 300 984 Sermones
322 955 425 997 atque
442 948 638 995 Epistula-3,
663 948 794 994 quippe
816 948 882 995 qui
898 953 937 983 ut
957 948 1038 984 libri
1058 949 1221 996 impressi
1243 955 1373 984 exeunt
1395 962 1475 984 cum
1496 949 1626 1001 verbis,

125 1009 209 1052 ‚Qui
233 1023 269 1044 es
295 1015 452 1044 maturus
477 1008 609 1043 senex!
664 1008 747 1043 Vox
778 1014 855 1043 atra
879 1019 980 1044 FINIS
1008 1015 1184 1056 postremo
1216 1010 1338 1044 codice
1366 1010 1483 1045 locum
1509 1010 1625 1044 habet.

128 1069 275 1114 Singula
292 1070 464 1116 quaedam
482 1068 617 1103 scholia
633 1069 718 1102 erui.
739 1065 852 1113 (Siga.
872 1067 922 1115 5.)

218 1130 273 1163 36.
308 1129 395 1164 Cod.
414 1130 589 1163 Romanus
605 1127 825 1163 Vallicellan.
843 1129 886 1163 E.
901 1129 944 1162 41
965 1127 1017 1174 (in
1032 1129 1248 1164 bibliotheca
1264 1130 1388 1164 eccles.
1406 1130 1468 1173 ,St.
1483 1130 1571 1163 Mar.
1589 1130 1625 1163 in
1641 1134 1721 1165 (C0d·
1738 1136 1774 1159 6³

125 1188 334 1233 Vallicella‘)
375 1189 611 1223 membranac.
641 1188 735 1223 foliis
765 1198 818 1222 L11
847 1189 968 1223 nitidis
1002 1194 1036 1223 et
1065 1189 1174 1223 laeuis
1208 1191 1292 1223 satis
1328 1190 1515 1235 diligenter
1545 1201 1625 1222 con-

126 1249 276 1293 scriptus
299 1249 400 1282 offert
422 1248 558 1282 Comm.
577 1249 614 1281 in
639 1247 802 1281 Carmina
826 1260 900 1280 cam
922 1247 1039 1293 epodis
1060 1255 1090 1282 et
1107 1261 1209 1281 carm.
1228 1261 1316 1282 saec.
1365 1249 1568 1294 Descriptio
1589 1249 1627 1282 in

127 1307 289 1352 catalogo
305 1308 355 1341 ita
372 1320 409 1342 se
427 1307 547 1343 habet:
581 1307 735 1351 ‚Horatii
752 1307 876 1342 Flacci
892 1307 1023 1354 duplex
1038 1308 1131 1342 uita:
1157 1308 1249 1342 Item
1261 1308 1450 1354 Pomponii
1464 1307 1625 1354 Porphy-

125 1368 233 1401 rionis
252 1366 512 1403 Commentaria
527 1368 564 1401 in
582 1369 655 1401 eius
674 1367 804 1414 opera!
835 1368 1057 1402 Praemissae
1079 1373 1160 1402 sunt
1180 1368 1313 1402 scilicet
1329 1368 1420 1402 duae
1437 1369 1530 1402 uitae
1547 1367 1626 1401 illae

125 1436 183 1460 1111
210 1432 243 1460 et
272 1435 298 1460 11
329 1438 418 1473 quae
442 1427 480 1461 in
504 1425 609 1461 codd.
642 1426 794 1462 Acronis
825 1428 977 1462 inueniri
1007 1426 1129 1462 solent.
1177 1426 1287 1474 Atqui
1319 1428 1461 1462 omnino
1493 1426 1627 1461 scholia

124 1488 238 1533 potius
269 1487 314 1521 ad
339 1486 516 1522 Acronem
542 1500 647 1534 quam
673 1488 719 1523 ad
742 1488 1028 1535 Porphyrionem
1056 1489 1239 1534 pertinent.
1291 1488 1414 1523 Codex
1442 1489 1540 1522 cuius
1557 1489 1626 1533 pri-

128 1559 221 1580 mum
239 1546 361 1580 folium
375 1547 411 1580 in
423 1548 582 1591 margine
588 1548 767 1594 ¹literaque
783 1548 911 1582 initiali
924 1549 1055 1594 gaudet
1065 1548 1279 1583 versicolore
1292 1548 1383 1582 illius
1391 1549 1515 1582 aetatis
1526 1559 1626 1581 orna-

126 1611 256 1648 mento,
280 1605 421 1639 mutilus
447 1611 514 1650 est3
538 1608 612 1641 exit
634 1619 714 1641 cum
732 1607 866 1642 scholio
883 1608 1036 1642 Acronis
1059 1608 1105 1642 ad
1127 1608 1244 1642 Carm.
1264 1620 1355 1642 saec.
1373 1620 1406 1641 v.
1424 1608 1485 1641 49:
1508 1607 1628 1639 Bubus

126 1671 303 1698 ueneratur
326 1662 427 1710 albis]
453 1670 507 1699 ut:
536 1665 619 1701 hinc
645 1667 720 1700 albi
739 1655 907 1712 'clyturnne
927 1680 1061 1713 yreqes:
1096 1675 1125 1700 et
1147 1669 1300 1701 maoez‘ma
1316 1674 1450 1700 taurus:
1476 1667 1626 1700 uictima.

124 1738 187 1771 per
210 1736 315 1770 quam
337 1724 572 1760 deuotionem.
590 1739 727 1761 romam
748 1727 824 1761 uult
840 1727 990 1772 intelligi
1006 1727 1219 1772 religiosam.
1222 1727 1229 1740 '
1278 1727 1455 1761 Nonnulla
1472 1727 1553 1761 inde
1571 1726 1629 1760 de—

123 1785 290 1830 prompsi.
319 1781 432 1829 (Sign
451 1784 499 1829 6.)

215 1843 270 1878 37.
309 1844 396 1879 Cod.
420 1844 595 1880 Romanus
621 1847 717 1882 Chis.
745 1848 880 1881 H.V11.
907 1847 974 1882 229
1001 1845 1052 1892 (ιιι
1079 1846 1293 1882 bibliotheca
1322 1848 1471 1894 princip
1496 1844 1623 1893 Ohcgz),
1646 1855 1753 1888 (Codst
1761 1867 1779 1880 ,

110 1903 214 1941 ⁴liber
229 1903 487 1950 Porphyrionis
513 1917 649 1941 summa
671 1919 751 1941 cum
768 1919 852 1941 cura
870 1912 974 1953 atque
992 1907 1165 1952 elegantia
1183 1912 1347 1940 exaratus
1364 1908 1401 1941 in
1419 1907 1629 1941 membranis

128 1963 260 1997 nitidis.
309 1963 389 1997 Non
407 1962 520 1999 solum
535 1967 652 2012 prima
668 1968 743 2002 eius
760 1969 892 2014 pagina
909 1972 961 2002 est
980 1967 1141 2002 omnibus
1159 1967 1271 2001 modis
1291 1972 1429 2011 ornata,
1453 1971 1503 2000 set
1525 1967 1629 2001 etiam

133 2022 256 2062 literae
277 2022 427 2056 initiales
451 2025 673 2069 singulorum
703 2028 899 2061 carminum
926 2028 1000 2061 siue
1027 2033 1245 2073 poematum,
1269 2028 1430 2072 inprimis
1455 2027 1629 2072 principio

126 2081 207 2116 libri
224 2082 392 2127 cuiusque
410 2084 493 2116 noui
510 2085 626 2129 pictae
643 2078 917 2132 conspiciuntur.
956 2086 1118 2131 Insignia
1135 2085 1289 2120 familiae
1305 2085 1434 2120 nobilis
1451 2085 1631 2132 praefixae

126 2146 215 2186 sunt,
233 2140 297 2175 sub
316 2141 441 2187 quibus
459 2144 628 2189 scriptum
644 2145 791 2191 legitur:

216 2201 279 2245 ‚Ia.
296 2200 371 2234 Pic.
389 2200 432 2234 de
450 2201 614 2237 Castella.
638 2204 888 2253 Aragoniaque
906 2218 951 2239 ex
967 2205 1200 2240 beneficentia
1217 2206 1356 2251 posuit.‘

123 2260 375 2306 Praeterquam
396 2261 561 2308 princeps
591 2265 724 2310 pagina
744 2265 837 2299 inter
861 2265 931 2299 alia
956 2264 1110 2299 ostendit
1131 2270 1165 2298 et
1190 2266 1268 2311 ipsa
1296 2264 1438 2310 papalia
1466 2263 1629 2309 insignia,

123 2325 227 2365 atque
243 2320 280 2353 in
296 2320 433 2365 pictura
450 2325 547 2355 extat
562 2323 762 2370 inscriptio:
796 2330 917 2359 ENEAS
936 2333 1034 2358 Pius.
1052 2334 1163 2359 PAPA.
1183 2328 1364 2359 SEcUDth.

215 2378 259 2412 In
267 2377 333 2412 hoc
346 2378 467 2425 pulcro
484 2378 575 2415 libro
591 2383 863 2428 recognouimus
875 2384 1051 2429 integrum
1066 2383 1163 2418 illum
1178 2385 1462 2418 uetustissumum
1468 2380 1630 2427 Prophy-

122 2439 258 2473 rionem
269 2438 520 2473 Monacensem
529 2439 808 2486 diligentissume
824 2443 1023 2490 repetitum,
1039 2444 1089 2478 ita
1104 2448 1223 2477 tamen
1235 2448 1274 2477 ut
1288 2444 1326 2477 in
1343 2440 1547 2489 epigraphis
1559 2441 1631 2476 suis

124 2504 158 2533 et
174 2498 486 2544 subscriptionibus
504 2511 593 2545 quae
615 2502 733 2534 omnia
749 2502 854 2548 plena
873 2509 970 2547 sunt,
987 2515 1114 2538 nomen
1130 2504 1331 2548 interpretis
1348 2514 1420 2536 una
1437 2514 1517 2536 cum
1533 2512 1631 2547 prae-

1399 2568 1411 2587 2

1902 0 1936 43 aa*
