1936 2749
1665 123 1710 159 15

247 217 464 265 kr-*Quin
484 216 582 251 culce
603 216 687 252 libri
706 217 794 251 item
813 216 975 263 aprina
993 220 1104 249 minu
1118 215 1269 260 repetita
1284 214 1429 249 nomina
1445 220 1525 249 sunt
1540 220 1594 250 set
1609 215 1710 251 diffe-

201 283 301 314 rente
316 277 501 323 scriptura,
519 277 582 311 ita:

199 337 201 339 ’
590 346 768 372 Pomrom
783 344 862 370 Pon

589 403 797 432 PnYRIONIS
817 402 893 429 [om
1023 435 1067 439 ἡ

588 462 811 492 nummus
828 462 870 488 m
886 440 1060 491 nolano
1078 456 1123 495 (1.
1140 454 1202 500 m.)

590 523 768 551 EXPLICIT
786 521 984 548 FELICITER
1001 522 1128 547 UTERE

755 582 878 608 FELIX.

198 631 327 669 Manus
348 635 456 670 multo
479 636 656 669 recentior
678 632 832 667 addidit:
866 641 990 666 OMNIA
1007 641 1196 667 PROBATE.
1231 633 1276 679 qd
1294 632 1418 679 (quod)
1436 633 1568 667 bonum
1585 640 1604 668 e
1623 633 1707 680 (est)

198 698 324 728 tenete.
1154 696 1160 703 “

290 754 536 797 HALM1US‚V.
549 753 634 796 CL„
654 757 765 786 totum
783 752 876 786 hunc
893 752 1053 786 codicem
1070 752 1259 797 aliquando
1274 754 1332 797 qui
1350 754 1536 798 exscripsit
1551 754 1589 787 in
1605 766 1708 787 usum

200 812 313 859 Gasp.
341 813 470 848 Orellii
494 813 554 859 qui
581 810 668 846 mihi
689 812 831 859 copiam
856 812 930 846 eius
954 812 1037 846 fecit
1061 824 1126 858 pro
1151 812 1260 846 variis
1286 811 1412 846 officiis
1436 813 1474 846 in
1495 813 1619 847 itinere
1639 814 1708 860 ipsi

197 874 373 918 praestitis
398 878 433 907 et
453 884 602 919 paruam
626 872 717 906 hanc
742 876 846 917 atque
871 872 1146 916 exiguissumam
1163 884 1237 906 rem
1253 877 1377 906 notare
1394 872 1512 906 noluit
1533 878 1567 906 et
1587 882 1707 907 HORA-

198 940 293 967 TIUM
309 933 556 967 correctiorem
571 943 692 967 casum
703 932 831 978 posuit,
849 932 909 977 qui
926 932 1053 965 iterum
1071 931 1213 965 obuiam
1231 943 1268 965 se
1286 931 1354 965 fert
1366 931 1468 966 nobis
1486 931 1580 965 infra
1594 932 1658 966 sub
1672 945 1706 966 11.

196 992 242 1026 36
262 990 323 1036 (7).
357 993 448 1026 Dico
464 996 583 1025 tamen
599 992 636 1026 in
653 991 867 1026 scholiorum
884 991 1066 1026 codicibus
1084 996 1118 1025 et
1134 992 1377 1025 accusatiuum
1386 997 1420 1025 et
1434 991 1629 1026 ablatiuum
1638 992 1707 1027 fre-

197 1053 357 1098 quentius
380 1062 564 1086 occurrere
582 1051 639 1085 vel
658 1052 696 1085 in
713 1050 914 1098 epigraphis
932 1056 966 1085 et
988 1050 1315 1097 subscriptionibus.
1356 1051 1453 1085 Idem
1469 1051 1512 1084 V.
1532 1051 1577 1085 D.
1600 1063 1706 1098 saepe

195 1111 298 1146 aliter
313 1111 398 1155 legit
413 1111 526 1145 uerba
542 1116 647 1157 atque
664 1124 747 1156 ego,
770 1117 809 1145 ut
824 1124 934 1145 unum
949 1124 1013 1157 pro
1027 1111 1146 1145 multis
1163 1124 1209 1145 ex
1225 1116 1393 1145 contextu
1409 1110 1526 1145 locum
1548 1111 1707 1146 adferam

195 1171 295 1217 epist.
309 1170 336 1203 Ι.
357 1170 410 1213 17,
424 1170 456 1214 8,
471 1170 531 1205 ubi
551 1170 610 1205 ille
626 1170 745 1205 literas
763 1183 779 1205 s
796 1176 831 1205 et
847 1184 875 1205 r.
894 1171 962 1206 sibi
978 1171 1183 1205 simillumas
1194 1170 1411 1205 confundens
1422 1171 1627 1217 exscripsit:
1645 1171 1706 1209 ali-

195 1243 335 1277 quorum
347 1231 533 1264 amicorum
544 1237 578 1265 et
586 1244 650 1277 per
660 1232 845 1265 amicorum
857 1244 936 1278 pro:
956 1231 1094 1266 amicos.
1119 1231 1163 1265 In
1177 1232 1262 1277 ipsis
1276 1230 1562 1277 inscriptionibus
1576 1230 1706 1265 discre—

194 1290 315 1337 pantia
329 1290 518 1325 lectionum
534 1296 595 1334 est,
609 1297 647 1325 ut
661 1291 707 1325 ad
721 1292 806 1326 artis
821 1293 978 1338 poeticae
996 1292 1113 1335 finem,
1135 1291 1195 1325 ubi
1208 1290 1370 1325 Halmius
1384 1290 1498 1325 dedit:
1515 1291 1710 1337 Pomponii

193 1350 417 1397 Porfyrionis
445 1352 716 1386 commentarius
741 1352 778 1387 in
806 1351 895 1387 Hor.
929 1357 1009 1396 ete„
1040 1351 1204 1398 equidem
1238 1355 1456 1386 constantem
1495 1351 1706 1397 scripturam

194 1419 370 1445 POMPONI
385 1412 535 1454 seruaui,
553 1411 634 1446 uide
651 1424 732 1458 pag.
753 1413 805 1446 14.
830 1412 1093 1446 HOCHEDERUS
1112 1417 1243 1455 autem,
1266 1416 1383 1445 rector
1400 1411 1589 1457 aliquando
1607 1423 1706 1456 gym-

125 1467 131 1473 ’
192 1471 286 1504 nasii
301 1469 541 1514 Monacensis,
565 1472 603 1505 in
623 1470 777 1505 editione
799 1471 897 1505 Artis
919 1472 1094 1518 poeticae,
1115 1471 1264 1505 Passau.
1292 1471 1390 1514 1824,
1408 1471 1440 1514 8,
1463 1470 1542 1516 plus
1567 1475 1707 1504 centum

193 1528 280 1563 locis
296 1541 482 1575 perperam
497 1530 663 1564 lectiones
679 1532 790 1564 nostri
807 1531 940 1565 codicis
957 1530 1089 1564 rettulit
1107 1536 1210 1575 atque
1225 1530 1514 1564 homoeoteleutis
1527 1530 1706 1575 deceptus,

192 1589 295 1636 plura
313 1590 440 1633 omisit,
459 1595 497 1623 ut
513 1603 547 1636 p.
569 1590 654 1625 180:

289 1647 396 1692 (Nam
417 1655 522 1695 poeta
539 1649 727 1684 scribturas
749 1655 810 1684 aut
832 1649 1027 1684 secundum
1043 1661 1254 1684 consensum
1272 1649 1366 1683 debet
1383 1648 1396 1694 ΙΙ
1421 1669 1465 1673 -—
1488 1649 1623 1695 aliquid
1644 1649 1707 1684 de-

287 1709 442 1743 scribere
453 1715 513 1743 aut
525 1710 554 1743 si
571 1710 756 1744 historiam
769 1714 951 1757 tamquam
962 1710 1081 1744 tritam
1091 1722 1162 1743 non
1172 1709 1247 1743 uult
1253 1721 1324 1743 non
1336 1709 1508 1753 attingere
1518 1708 1614 1743 debet
1630 1708 1643 1753 ΙΙ
1665 1728 1707 1733 -

286 1771 536 1804 conuenienter
550 1775 671 1804 notam
686 1769 882 1816 inducere).

267 1828 392 1864 Codex
418 1830 565 1877 praebet
594 1831 760 1878 inteqrum
789 1830 1060 1877 Porphyrionem
1093 1830 1139 1865 ad
1168 1830 1366 1874 Horatium,
1399 1835 1435 1864 et
1467 1829 1611 1876 quidem
1638 1828 1706 1864 hoc

195 1888 336 1923 ordine:
370 1890 417 1924 ad
444 1890 625 1935 Carmina,
651 1892 770 1925 Artem
793 1892 979 1936 poeticam,
1005 1890 1150 1924 Carmen
1176 1889 1367 1931 saeculare,
1396 1888 1544 1934 Epodon
1570 1889 1706 1932 librum,

193 1947 241 1981 ad
266 1946 443 1983 Sermones
475 1954 581 1997 atque
605 1950 796 1996 Epistulas.
842 1949 981 1985 Satirae
1011 1949 1170 1995 singulae
1202 1954 1381 1995 tamquam
1413 1957 1586 1983 ECLOGAE
1627 1953 1708 1982 sunt

193 2013 408 2043 numeratae.

278 2065 328 2100 At
343 2069 437 2102 enim
453 2081 577 2104 verum
594 2075 647 2104 est
663 2082 685 2103 a
701 2070 819 2104 scriba
834 2071 1071 2115 ignarissumo
1088 2069 1218 2103 librum
1235 2074 1420 2103 exaratum
1436 2080 1528 2103 esse:
1546 2068 1705 2114 plurimis

195 2126 336 2172 quidem
353 2128 491 2162 mendis
509 2134 620 2164 scatet
644 2135 747 2176 atque
770 2130 965 2174 erroribus3
992 2130 1139 2163 maximi
1161 2134 1280 2163 tamen
1297 2127 1547 2163 aestumandus
1566 2133 1619 2162 est
1634 2132 1706 2161 tam

194 2185 239 2219 ob
264 2187 492 2231 conspicuam
517 2194 729 2223 vetustatem
755 2202 860 2235 quam
885 2189 930 2224 ob
957 2190 1032 2223 eius
1061 2190 1317 2223 auctoritatem.
1365 2188 1560 2222 Possumus
1585 2188 1705 2232 utique

193 2244 296 2283 nobis
313 2244 481 2290 gratulari
498 2258 570 2282 non
585 2249 702 2283 minus
720 2247 764 2283 de
780 2248 949 2284 uecordia
966 2248 1113 2293 scribae,
1132 2249 1192 2295 qui
1210 2260 1300 2295 quae
1318 2248 1458 2294 scripsit
1475 2247 1617 2281 omnino
1634 2256 1707 2280 non

193 2304 381 2350 intellexit,
404 2305 441 2340 id
463 2307 558 2352 quod
579 2310 756 2344 sexcentis
773 2310 925 2345 efficitur
941 2308 1127 2355 exemplis,
1151 2306 1276 2353 (verba
1296 2314 1416 2343 tamen
1437 2307 1575 2354 graecis
1596 2305 1706 2348 literis

193 2364 300 2409 uulgo
326 2364 496 2410 reddidit,
521 2367 551 2400 si
568 2369 747 2414 exceperis
770 2368 817 2404 ad
838 2381 946 2403 carm.
968 2369 1017 2414 II,
1036 2369 1067 2413 6,
1085 2369 1118 2413 3,
1139 2369 1201 2404 ubi
1222 2368 1333 2403 afelos
1349 2380 1414 2415 pro
1432 2367 1558 2409 ἁπλῶς
1573 2366 1705 2412 posuit)

194 2436 236 2458 ac
258 2423 302 2459 de
322 2424 493 2470 religione
514 2427 771 2475 manifestaque
792 2429 879 2474 fide,
910 2442 980 2476 qua
1006 2441 1101 2464 noua
1124 2442 1296 2476 nusquam
1317 2429 1447 2463 inferre
1472 2431 1619 2462 conatus
1643 2430 1708 2470 est,

194 2484 233 2518 id
256 2484 351 2530 quod
367 2485 511 2518 maioris
531 2490 584 2519 est
601 2489 769 2524 momenti
789 2490 827 2523 in
843 2473 1043 2524 sbholiastis
1065 2501 1170 2536 quam
1193 2490 1231 2523 in
1247 2488 1324 2523 aliis
1342 2487 1575 2535 scriptoribus
1592 2498 1707 2522 emen—

196 2543 322 2579 dandis
340 2548 443 2591 atque
466 2544 626 2590 inprimis
650 2546 688 2580 in
705 2547 961 2594 antiquissumo
975 2549 1233 2596 Porphyrionis
1259 2547 1422 2595 exemplo
1429 2575 1451 2592 ,‚
1471 2559 1518 2586 ex
1539 2558 1609 2593 quo
1630 2556 1704 2592 spe-
