1936 2749
1658 132 1705 167 29

192 223 392 269 mdicamm
417 226 643 266 vehementer
667 224 839 261 dolem'us.
872 222 989 258 Vel
978 222 1055 269 ipse
1076 227 1236 258 utrumne
1258 236 1299 258 eo
1320 236 1405 258 usus
1423 225 1483 269 sit,
1499 224 1705 278 ambiguum

197 283 348 331 reliquit.
395 284 513 321 Nihilo
533 288 648 322 secius
667 287 888 332 ignoramus,
898 283 1140 338 antiquum
1165 282 1232 318 hoc
1252 283 1414 319 auidem
1429 284 1536 319 fuerit
1552 296 1634 319 cum
1649 297 1703 329 eo,

198 342 294 390 quod
309 343 433 379 Enoch
441 344 640 381 Asculanus
656 344 831 392 reperisse
847 342 969 387 fertur,
987 333 1032 377 de
1048 354 1117 389 quo
1134 343 1294 389 superius
1306 343 1524 389 disputatum
1536 348 1600 378 est.
1623 344 1704 379 Hoc

198 405 317 437 tamen
333 409 433 439 extra
449 416 587 440 omnem
604 404 859 440 dubitationem
875 402 1028 448 positum
1044 401 1237 445 iudicabis,
1255 402 1295 436 R.
1312 402 1472 447 Regium,
1490 403 1605 436 virum
1623 403 1704 437 doc-

197 467 272 497 tum
287 475 357 498 non
373 466 487 499 minus
504 470 608 511 atque
625 466 813 507 sincerum,
831 473 877 496 ex
893 462 1036 508 antiquo
1053 461 1149 496 fonte
1161 461 1422 508 Porphyrionis
1432 464 1703 498 commentarios

200 534 281 557 suos
305 516 473 560 hausisse.
521 525 688 559 Plurimis
714 523 810 557 enim
833 521 920 555 locis
947 522 1089 555 omnino
1115 522 1337 556 consentiunt
1358 532 1440 555 oum
1464 523 1703 557 vetustissimo

197 582 274 616 cod.
292 582 431 618 Monac.
450 584 529 631 (M),
545 586 583 619 in
600 596 669 631 quo
687 582 734 617 ad
750 580 907 626 singulos
923 580 1066 614 Horatii
1085 580 1193 615 libros
1210 580 1306 615 idem
1321 582 1459 615 initium
1476 584 1702 628 conspicitur,

196 640 289 676 idem
317 644 442 678 exitus
475 645 597 691 Neque
624 648 743 677 tamen
766 640 849 675 inde
874 639 938 674 hos
964 640 1104 674 codices
1130 640 1198 675 sibi
1220 640 1384 686 aequales
1403 640 1522 675 ducas.
1570 642 1702 686 Regius

197 702 291 737 enim
312 715 381 738 non
404 704 516 739 solum
537 705 648 739 uitam
669 705 832 749 quartam
848 700 945 735 illam
961 699 1217 747 Porphyrionis
1235 713 1324 747 quae
1341 700 1448 746 vulgo
1464 702 1502 736 in
1518 701 1701 737 codicibus

196 765 445 798 commentario
468 764 703 810 praemittitur
727 761 871 804 abiecit,
898 765 949 794 set
973 762 1079 794 etiam
1104 760 1316 807 epigraphas
1341 761 1511 795 librorum
1528 763 1603 796 siue
1621 762 1701 796 sub-

196 822 402 868 scriptiones
428 824 576 858 mutauit
592 828 626 858 et
641 822 742 856 vario
761 820 883 855 ordine
900 820 1171 854 commentarios
1187 821 1223 854 in
1240 821 1340 854 varia
1357 826 1556 866 poematum
1573 833 1702 867 genera

196 881 377 927 disposuit.
425 883 481 916 Ita
502 884 595 917 enim
616 882 653 915 hi
678 882 715 914 in
738 884 861 914 nostra
882 879 1034 914 editione
1056 879 1222 925 deinceps
1240 892 1277 913 se
1295 881 1492 925 excipiunt:
1519 892 1645 915 comm.
1663 882 1700 915 in

198 939 299 984 odas,
323 941 453 987 epodos
460 969 469 986 ,
492 946 599 975 carm.
618 951 721 983 saec„
740 944 804 973 art.
822 951 890 985 po„
909 951 1097 983 sermones,
1116 938 1293 985 epistulas,
1312 939 1395 973 dum
1412 940 1449 973 in
1466 940 1554 974 Cod.
1572 940 1621 973 M.
1640 952 1699 974 ex-

194 1001 321 1045 positio
352 1002 435 1034 artis
459 1003 619 1047 poeticae
646 998 839 1033 secundum
855 998 971 1032 locum
995 1003 1090 1032 tenet
1111 1004 1145 1032 et
1162 1010 1286 1033 comm.
1304 1000 1341 1032 in
1358 1011 1501 1033 carmen
1519 1000 1699 1034 saeculare

193 1059 366 1093 anteCedit
382 1060 574 1106 epodorum
589 1059 729 1093 librum.
760 1057 915 1104 Uterque
932 1058 1022 1092 liber
1038 1058 1084 1091 ad
1101 1057 1240 1103 singula
1263 1059 1421 1092 carmina
1444 1060 1518 1093 siue
1537 1065 1700 1104 poemata

191 1119 486 1165 inscriptionibus,
503 1120 580 1154 cod.
594 1119 733 1153 Monac.
752 1118 951 1164 plurimum,
969 1117 1022 1153 ed.
1033 1118 1136 1163 Regii
1153 1123 1353 1153 constanter
1369 1124 1476 1153 caret.

283 1179 420 1213 Deinde
446 1179 539 1225 quod
563 1179 683 1224 ,libros
709 1177 933 1224 archetypos‘
957 1179 1095 1222 attinet,
1122 1178 1310 1212 dicendum
1339 1184 1407 1222 est,
1433 1178 1698 1226 bibliographos

192 1238 306 1273 adhuc
323 1240 454 1284 fugisse
472 1239 566 1286 quod
582 1240 713 1284 Regius
731 1238 947 1285 exemplaria
964 1238 1053 1272 dixit
1073 1238 1214 1282 ‚Romae
1230 1251 1339 1283 nuper
1352 1240 1520 1284 impressa
1533 1239 1701 1274 duntaoeat

192 1298 395 1332 ‹lim2·d2'ata.‘
442 1299 511 1332 Hic
545 1289 899 1332 ahimaduertendum
932 1304 998 1341 est,
1028 1298 1069 1332 R.
1100 1298 1251 1342 Regium
1276 1298 1536 1344 Porphyrionis
1561 1305 1699 1333 tantum

194 1359 462 1392 commentarios
481 1357 591 1391 literis
618 1358 688 1391 suis
714 1358 883 1404 praefari,
909 1357 1018 1391 verba
1044 1369 1127 1402 ergo
1152 1358 1263 1403 ipsius
1293 1369 1365 1391 non
1389 1357 1435 1391 ad
1459 1359 1699 1403 integritatem

191 1418 369 1463 utriusque
393 1418 676 1451 commentatoris
701 1422 753 1451 set
770 1417 816 1451 ad
838 1417 950 1451 solum
970 1417 1254 1467 Porphyrionem
1276 1411 1448 1462 spectare.
1498 1417 1563 1452 lllo
1581 1423 1699 1452 autem

188 1477 386 1510 testimonio
404 1489 524 1510 eorum
541 1476 726 1510 collabitur
741 1477 922 1526 sententia,
940 1477 1000 1522 qui
1017 1476 1212 1510 Romanam
1226 1476 1416 1510 editionem
1428 1476 1699 1522 Neapolitanam

189 1548 265 1570 esse
282 1536 454 1579 volebant,
472 1536 601 1582 quippe
616 1548 784 1570 excusam
800 1537 893 1582 typis
906 1534 1055 1570 Arnoldi
1072 1535 1324 1569 Bruxellensis.
1351 1536 1450 1569 Inter
1465 1535 1536 1570 hos*
1545 1537 1698 1582 primum

188 1594 302 1629 locum
321 1600 468 1640 occupat
484 1605 560 1628 VAN
581 1605 723 1639 PRAET,
749 1595 972 1629 doctissimus
999 1595 1340 1640 humanissimusque
1365 1595 1448 1629 olim
1465 1595 1698 1630 bibliothecae

190 1654 401 1689 Parisiensis
415 1654 629 1700 praefectus,
653 1656 713 1701 qui
731 1667 811 1689 cum
827 1655 975 1689 Parisiis
992 1654 1162 1689 uersabar
1183 1655 1329 1701 ipsoque
1346 1654 1435 1689 duce
1452 1654 1700 1701 pulcherruma

188 1716 272 1749 artis
285 1714 519 1760 typotheticae
537 1727 626 1761 quae
643 1716 694 1750 ibi
707 1720 934 1750 asseruantur
946 1720 1172 1757 monumenta
1182 1716 1218 1749 in
1232 1727 1327 1749 meos
1341 1727 1424 1749 usus
1437 1715 1696 1760 conuertebam,

188 1774 425 1808 characterem
435 1773 709 1821 Guldinbecquii
721 1776 758 1809 in
775 1775 842 1809 hoc
858 1775 948 1809 libro
965 1786 1158 1820 agnoscere
1174 1775 1345 1820 pertinaci
1355 1776 1615 1809 concertatione
1634 1787 1694 1810 no-

188 1834 263 1869 luit.
312 1834 443 1868 Verum
468 1834 610 1880 quidem
630 1840 692 1880 est,
721 1841 825 1882 typos
850 1848 870 1870 c
883 1848 902 1870 e
915 1834 967 1869 h-s
980 1848 1005 1881 y
1023 1834 1125 1869 huius
1147 1835 1311 1869 editionis
1330 1834 1536 1870 simillumas
1554 1848 1630 1870 esse
1651 1837 1697 1870 iis

188 1895 314 1940 quibus
331 1894 508 1927 Arnoldus
531 1894 574 1927 de
591 1895 759 1929 Bruxella
780 1901 813 1929 et
833 1897 870 1929 in
892 1895 1044 1929 editione
1061 1895 1202 1928 Horatii
1220 1907 1251 1928 a.
1268 1894 1595 1929 MCCCCLXXIV
1612 1908 1695 1929 usus

187 1958 240 1988 est
257 1959 292 1988 et
306 1954 343 1987 in
359 1952 470 1986 Macri
485 1951 687 2000 philosophi
704 1954 748 1989 de
766 1954 953 1989 uirtutibus
971 1953 1160 1988 herbarum
1177 1966 1208 1988 a.
1226 1952 1590 1999 MCCOCLXXVII,
1615 1967 1696 1989 cum

186 2026 254 2060 quo
278 2013 367 2048 libro
393 2012 626 2047 conferendus
651 2020 703 2048 est
719 2015 889 2049 Iunianus
905 2015 1021 2049 Maius
1038 2014 1316 2060 Parthenopeius
1342 2015 1386 2049 de
1403 2016 1599 2060 priscorum
1615 2028 1694 2061 pro-

186 2074 333 2119 prietate
349 2071 536 2108 uerborum
552 2072 862 2109 MOCCOLXXV.
884 2074 946 2108 Set
963 2079 1083 2108 nostra
1099 2074 1152 2108 ed.
1172 2074 1268 2108 Rom.
1287 2074 1504 2120 compendiis
1518 2074 1695 2108 scribendi

185 2133 326 2169 uberior
342 2132 479 2179 punctis
497 2136 593 2166 caret
610 2145 717 2180 supra
732 2135 756 2179 i,
772 2136 810 2169 in
828 2147 895 2182 quo
913 2133 1092 2169 Arnoldus
1110 2134 1175 2170 sibi
1193 2135 1408 2179 inconstans,
1438 2134 1694 2181 diphthongum

187 2207 227 2227 ae
244 2198 342 2227 notat
357 2205 421 2238 per
438 2205 456 2225 e
473 2204 553 2225 cum
571 2193 695 2237 cauda,
712 2195 774 2228 ubi
787 2195 881 2228 idem
893 2194 1073 2228 Arnoldus
1091 2200 1129 2228 ut
1149 2196 1184 2228 in
1196 2195 1312 2228 uerbis
1326 2208 1412 2239 sepe,
1429 2195 1546 2237 celum,
1563 2208 1693 2239 equore,

187 2253 282 2297 hesit,
307 2251 384 2297 lire,
405 2251 524 2285 hedera
552 2251 612 2295 al.,
629 2251 768 2288 literam
786 2267 805 2288 e
823 2267 910 2301 pure
927 2254 1035 2289 dedit.
1084 2254 1222 2289 Deinde
1239 2255 1303 2289 Vir
1321 2254 1534 2288 clarissimus
1552 2253 1694 2288 eosdem
1738 2252 1746 2260 ⁹

185 2319 292 2360 typos
315 2314 352 2347 in
375 2324 478 2358 opere
502 2324 580 2345 suo:
616 2312 813 2360 Catalogue
837 2315 899 2349 des
920 2315 1026 2349 livres
1049 2315 1227 2360 imprimes
1249 2328 1309 2348 sur
1329 2314 1433 2348 Velin
1449 2320 1514 2348 etc.
1533 2315 1633 2348 Toni.
1653 2323 1691 2347 lv

188 2385 223 2418 p.
242 2372 286 2406 75
320 2371 495 2405 Vz'ndele‘no
521 2370 561 2403 de
586 2370 692 2416 ὅρι’-να
717 2374 971 2419 assignauerat.
1013 2373 1113 2416 Quae
1136 2385 1217 2407 cum
1239 2375 1290 2407 ita
1306 2374 1392 2416 sint,
1418 2374 1525 2407 editio
1543 2373 1695 2406 Aci-onis

187 2437 222 2467 et
237 2430 495 2479 Porphyrionis
512 2431 666 2465 omnium
683 2432 850 2480 princeps
867 2445 948 2468 cum
956 2432 1163 2468 Audiffredo
1181 2433 1338 2480 putanda
1354 2438 1405 2468 est
1417 2433 1577 2468 Romana
1590 2438 1694 2479 atque

188 2492 315 2527 eadem
334 2504 438 2538 quam
454 2491 495 2525 R.
512 2491 662 2536 Regium
680 2491 883 2528 adhibuisse
900 2505 946 2528 ex
962 2493 1022 2528 illo
1038 2493 1116 2527 loco
1133 2493 1307 2537 collegere
1324 2494 1449 2527 merito
1467 2505 1663 2539 possumus.

279 2552 357 2586 Iam
372 2550 513 2585 tandem
531 2549 719 2596 aliquando
736 2553 961 2597 pei-uenimus
979 2553 1023 2587 ad
1041 2552 1185 2587 alteram
1203 2552 1258 2587 ed.
1271 2553 1428 2587 Venetae
1441 2557 1586 2599 partem,
1605 2563 1694 2598 quae
