1936 2749
39 204 44 207 ·
114 204 117 207 ⁴
241 189 243 191 ’
384 186 442 204 ’“’
519 188 1612 240 ᾳωμηαυαὰοωωιυοφιοοωωωωῃοωιιὸαωο

104 250 108 254 “
126 245 379 301 Μ
391 255 511 300 ·ιηιιο
540 251 666 288 Anam
690 251 876 305 pm
888 244 1079 293 αιιιὶιιο-ιιι
1133 248 1247 293 Quod
1274 249 1380 284 sene
1412 262 1609 296 ιςιιοωιιι.

40 350 42 352 .
97 310 263 361 quiden·
285 316 361 347 tota
381 309 517 348 codicis
538 311 675 352 scholis
691 310 752 347 ad
761 302 924 347 verbum
934 308 1110 357 exscripsi
1132 306 1238 355 (Sign
1253 309 1299 355 y).
1332 308 1465 344 Similis
1481 322 1610 356 operae

101 383 165 406 me
174 382 248 406 non
263 375 401 407 taesum
416 376 470 407 est
484 372 523 407 in
537 370 725 409 cantandis
739 368 1006 416 enodandisque
1019 369 1166 405 scholiis
1182 373 1219 404 et
1233 368 1363 416 glossis
1895 399 1907 418 ἢ.

114 457 117 460 -
192 431 215 466 3
231 437 266 467 et
280 432 313 467 4.
339 432 512 468 Codicum
526 432 659 467 Pas-iss.
676 430 767 464 ‘1971
785 428 827 464 B.
845 426 957 476 (apud
970 429 1151 465 deerb.
1177 429 1256 464 Vol.
1279 430 1300 464 Ι
1321 442 1357 477 p.
1374 430 1454 475 390,
1472 430 1496 465 2
1511 429 1606 477 apud
1618 431 1823 468 &odd-1302„

103 490 268 538 Pottier.)
297 497 331 526 et
359 493 460 537 7974,
488 493 549 539 qui
576 486 736 537 signatus
760 494 814 523 est
837 502 867 538 φ
887 501 910 523 a
931 489 1111 524 vanderb.
1136 502 1171 536 p.
1196 489 1263 523 397
1285 494 1320 524 et
1342 490 1362 524 7
1384 501 1406 525 8
1425 490 1611 526 Pottierio.
1887 491 1890 493 ’

99 551 211 586 Immo
225 552 331 586 etiam
342 553 545 598 neutiquam
557 563 614 585 me
625 549 801 596 paenituit
812 554 888 582 tum
902 548 959 582 bis
970 549 1142 593 conferre,
1156 550 1239 582 utin
1247 550 1495 585 vetustioribus
1512 561 1612 597 pror-

100 623 158 645 sus
172 611 344 656 omnibus,
353 612 494 645 Horatii
506 610 628 654 verba,
644 608 719 643 tmn
736 620 858 642 eorum
874 608 1128 654 explicationes
1141 609 1339 642 accuratius
1356 620 1489 652 eruere,
1507 610 1558 643 sic
1574 610 1612 644 in

101 670 156 704 his
179 671 388 716 peruetustis
412 682 482 705 non
500 669 616 703 minus
633 680 676 702 ac
693 667 860 714 perbonis
877 666 1076 712 codicibus,
1100 679 1248 714 quorum
1264 668 1353 702 alter
1368 668 1510 702 ineunte
1524 668 1612 703 alter

102 734 251 765 exeunte
268 742 359 765 saec.
377 730 413 765 X
437 733 602 764 exaratus
625 727 712 762 mihi
736 727 887 762 videtur.
937 726 1097 771 Quorum
1113 727 1293 771 librorum,
1309 733 1431 774 utpote
1447 728 1507 775 qui
1523 729 1612 763 inte-

101 790 155 835 gri
172 794 254 825 sunt
269 801 311 824 a’c
326 795 400 824 tam
416 789 453 823 in
469 788 579 835 ipsius
595 793 720 834 poetae
742 787 862 823 verbis
885 800 990 834 quam
1010 789 1047 822 in
1064 800 1186 822 eorum
1203 788 1485 834 expositionibus
1501 789 1610 835 gemi-

100 862 226 885 norum
242 850 354 884 instar
369 849 495 883 miram
508 847 663 882 familiae
673 847 831 882 eiusdem
844 836 1032 882 ostendunt
1044 848 1321 896 similitudinem,⁴
1330 848 1530 883 uberiorem
1543 860 1606 883 suo

100 909 181 944 loco
203 909 481 955 ,descriptionem
505 907 652 942 habebis
682 912 786 953 atque
813 906 1113 942 diiudicationem.
1161 907 1242 941 Hoc
1264 919 1373 941 unum
1396 913 1516 941 tamen
1536 908 1607 941 iam

106 968 163 1002 hic
176 968 359 1002 enuntiare
376 966 507 1013 placet,
530 966 682 1013 plurima
702 978 822 1001 eorum
845 965 979 1001 scholia
1001 966 1126 1001 eadem
1142 978 1220 1001 esse
1237 970 1342 1012 atque
1360 978 1402 1001 ea
1419 979 1510 1012 quae
1527 979 1608 1001 cum

99 1027 343 1061 Blandinianis
361 1038 444 1060 mss.
461 1025 638 1071 deperisse
655 1025 855 1059 creduntur.
895 1024 1009 1070 (Sign.
1027 1025 1058 1059 B
1075 1030 1110 1059 et
1127 1024 1183 1073 φ).

191 1086 224 1119 5.
266 1085 354 1119 Cod.
368 1084 656 1129 Barcellonenszze,
670 1096 761 1119 saec.
776 1084 830 1119 XI
848 1091 1023 1128 exaratus,
1040 1084 1084 1119 de
1103 1096 1171 1130 quo
1186 1084 1364 1131 copiosius
1377 1085 1513 1119 locutus
1531 1098 1609 1119 sum
1630 1085 1709 1118 (Cod·
1725 1086 1766 1117 b-)

100 1150 204 1191 atque
221 1145 419 1179 accuratius
444 1156 548 1191 quam
566 1144 609 1179 de
626 1144 728 1179 codd.
746 1157 828 1179 mss.
845 1144 923 1179 fieri
939 1144 1036 1189 solet,
1054 1145 1091 1178 in
1106 1144 1225 1178 libello
1242 1144 1385 1189 „Ueber
1400 1144 1470 1180 den
1486 1144 1611 1180 Codex

103 1204 303 1238 Heinianus
327 1204 413 1237 oder
433 1204 716 1238 Barcellonensis
734 1204 797 1238 des
813 1204 935 1238 Horaz
952 1203 1026 1239 und
1042 1193 1104 1238 des
1121 1203 1267 1239 Acron“
1267 1231 1277 1248 ,

196 1266 225 1297 l.
265 1263 532 1309 Beschreibung
548 1263 622 1297 und
637 1264 864 1310 Wiirdigung
880 1264 997 1298 dieser
1013 1264 1162 1298 altesten
1179 1264 1266 1299 aller
1276 1263 1481 1326 bekannten
1490 1263 1609 1310 spani-

266 1323 367 1355 seben
385 1324 788 1368 Horazhandschriften,

192 1382 225 1415 2.
266 1382 472 1427 Erkl'arung
508 1382 572 1417 der
608 1382 710 1417 darin
745 1383 1051 1417 vorkommenden
1086 1382 1208 1417 bisher
1241 1382 1498 1418 riithselhaften
1530 1383 1608 1418 Zei-

267 1442 368 1486 chen,
385 1442 459 1476 und

194 1502 227 1535 3.
268 1501 509 1536 Nachrichten
526 1502 614 1536 iiber
635 1502 692 1536 die
713 1502 750 1536 in
767 1502 835 1537 den
852 1502 1024 1538 Drucken
1045 1502 1354 1548 unvollstsndigen
1371 1503 1609 1537 akronischen

270 1561 437 1596 Scholien
458 1574 539 1596 zum
562 1561 728 1597 Schlusse
752 1561 815 1597 der
831 1561 966 1607 Briefe‚
988 1562 1115 1607 Bona„
1133 1561 1175 1596 T.
1192 1561 1352 1597 Habicht
1371 1562 1471 1607 1847,
1488 1575 1609 1598 mense

271 1621 412 1654 Martio.

192 1678 241 1713 At
267 1680 361 1714 enim
377 1692 471 1729 ⁴vero
497 1692 587 1726 quae
612 1679 661 1715 ibi
679 1679 844 1725 disserui,
862 1681 984 1727 priora
1000 1686 1081 1714 sunt
1096 1681 1317 1715 KIRCHNERI
1345 1681 1468 1725 ,Novis
1493 1681 1609 1725 Quae-

100 1739 273 1774 stionibu‘s
290 1739 519 1783 Horatianis‘,
537 1752 624 1786 quas
647 1752 767 1774 mense
789 1741 886 1774 Maio
910 1741 1035 1774 emisit.
1083 1740 1187 1774 Hanc
1204 1753 1353 1786 paruam
1369 1742 1608 1787 scriptionem,

99 1798 364 1845 qualiscumque
388 1804 455 1843 est,
482 1804 627 1845 propter
651 1812 757 1846 quam
781 1800 826 1834 A.
844 1800 1083 1844 HUMBOLDT‚
1113 1801 1248 1846 patriae
1274 1805 1416 1835 nostrae
1442 1800 1609 1848 orbisque

98 1857 205 1892 totius
215 1857 344 1893 eruditi
352 1858 460 1893 decus
471 1871 513 1893 ac
522 1859 748 1905 praesidium,
765 1860 803 1894 in
818 1859 928 1893 literis
944 1859 990 1893 ad
1007 1859 1160 1896 Theod.
1176 1859 1370 1906 Apelium
1389 1874 1517 1905 meum,
1526 1873 1609 1907 poe—

97 1921 170 1950 tam
185 1916 425 1963 Lipsiensem,
443 1919 535 1953 datis
556 1918 738 1957 doctorem
754 1931 919 1964 sagacem
936 1917 1044 1963 („den
1061 1919 1343 1965 scharfsinnigen
1359 1920 1535 1966 Doctor“)
1553 1933 1609 1955 me

97 1986 227 2009 uocare
252 1976 417 2022 dignatus
442 1983 511 2022 est,
535 1978 632 2013 viros
649 1978 773 2013 doctos
790 1978 960 2013 adhibere
977 1984 1081 2025 atque
1098 1980 1135 2013 in
1150 1979 1331 2013 variarum
1347 1992 1512 2014 curarum
1529 1993 1608 2026 par-

98 2040 170 2069 tem
197 2046 328 2070 vocare
355 2048 428 2071 non
452 2038 656 2083 paenitebit.
706 2038 850 2073 Scholia
866 2050 1065 2087 ‚omnesque
1094 2051 1184 2085 quae
1205 2040 1242 2073 in
1260 2038 1327 2073 hoc
1345 2039 1468 2074 codice
1486 2045 1611 2074 extant

103 2092 241 2139 glossas
267 2096 454 2141 exscripsi,
492 2102 597 2143 atquc
634 2097 797 2132 lubenter
829 2098 1001 2132 confiteor
1033 2110 1106 2132 non
1143 2110 1224 2132 raro
1257 2099 1319 2133 illa
1355 2110 1486 2144 magno
1522 2099 1609 2133 mihi

103 2152 186 2188 usui
214 2152 332 2188 fuisse.
359 2152 475 2200 (Sign.
491 2154 543 2202 b).

191 2212 225 2247 6.
266 2211 354 2248 God.
376 2213 518 2249 Medzbc.
534 2216 691 2251 Ambroe.
714 2216 759 2261 Q.
783 2216 838 2252 75.
861 2217 958 2264 Sup.
975 2217 1254 2253 membranaceis
1276 2218 1371 2253 foliis
1392 2228 1512 2253 cxxnI
1536 2218 1597 2253 ob·
1631 2221 1713 2252 (eod.
1721 2221 1765 2254 Q)

102 2272 226 2319 longis
236 2277 417 2314 constans,
441 2273 489 2309 ad
510 2286 603 2311 saec.
620 2275 657 2311 X
677 2277 812 2312 exitum
833 2283 1008 2324 spectans.
1058 2278 1202 2313 Scholia
1218 2291 1240 2312 a
1259 2280 1288 2312 1.
1306 2291 1352 2312 111.
1371 2280 1502 2325 scripta
1518 2277 1609 2325 quae

99 2333 270 2367 maiorem
288 2336 426 2379 partem
438 2332 645 2369 Aeroniana
661 2336 988 2384 sungfflsepissume
1004 2342 1134 2381 tamen,
1151 2338 1235 2383 quia
1246 2337 1369 2373 literae
1378 2343 1608 2382 eusnuerunt,

100 2392 196 2425 lectu
210 2390 438 2435 difficilluma,
454 2402 520 2437 per
534 2396 648 2427 totum
663 2393 813 2430 tendunt
828 2395 1005 2442 codicem,
1023 2397 1084 2444 qui
1099 2401 1181 2444 post
1196 2397 1308 2432 vitam
1324 2397 1363 2432 Π
1379 2401 1414 2432 et
1430 2397 1610 2443 stagnen-

99 2456 175 2485 tum
189 2450 324 2497 primae
341 2450 436 2496 quod
456 2462 538 2485 cum
553 2464 587 2485 u.
605 2459 758 2487 comare
773 2455 863 2500 exit,
879 2460 994 2491 totum
1008 2454 1199 2491 Horatium
1216 2456 1284 2491 hoc
1301 2456 1425 2492 ordine
1443 2457 1608 2504 suppedi-

99 2515 167 2545 tat:
181 2509 342 2555 Oarmm„
355 2508 463 2555 epodt',
473 2521 577 2544 carm.
590 2523 691 2556 eaeo„
700 2517 1173 2561 arspo-,eermonesotepi-vtc.
1192 2521 1227 2551 et
1235 2517 1426 2563 signatusa
1435 2528 1491 2551 me
1500 2521 1555 2551 est
1563 2514 1608 2558 Q.
