1936 2749
253 107 299 143 12

251 201 395 237 Ibidem
407 202 519 239 rubra
534 201 745 248 subscriptio
760 204 876 235 extat:

347 262 508 309 Explicit
522 261 661 297 aaronis
675 265 879 295 nomentum
893 261 933 295 in
948 260 1066 295 Oratii
1083 260 1195 307 quinti

299 315 302 319 ’
346 322 451 357 flacci
462 321 648 356 camachum
659 318 765 353 libros
773 326 919 364 quatuor
927 331 1066 353 carmen
1074 319 1428 365 secularaaepodon.
1450 319 1546 355 Deo:
1563 321 1707 366 gratias.
1717 332 1739 354 :-

349 382 454 416 Vitae
468 380 550 414 illae
565 388 610 413 111
626 383 667 414 etv
677 388 706 413 11
723 390 840 425 aeque
855 383 895 413 ut
917 379 955 413 in
973 375 1134 425 plurimis
1151 378 1334 414 codicibus
1350 381 1602 415 commentario
1617 379 1768 416 Acronis

256 442 468 489 praemissae
491 444 572 473 sunt
587 443 622 474 et
646 450 703 473 res
719 440 900 479 metricae,
922 451 1072 486 quarum
1088 440 1203 474 maior
1218 452 1302 486 pars
1316 440 1354 474 in
1368 439 1481 475 tribus
1497 440 1638 486 paginis
1653 445 1767 476 exn-e-

255 501 454 536 mis'locum
474 499 592 534 habet.
630 499 740 535 Liber
759 500 900 534 omnino
922 499 1008 533 haut
1028 511 1140 545 parua
1166 498 1351 543 diligentia
1366 500 1585 546 conscriptus
1603 505 1638 534 et
1653 500 1768 535 bonae

254 566 356 595 notae
373 564 435 593 est.
484 558 672 593 Nonnullis
688 559 776 593 locis
792 571 834 593 eo
850 571 935 593 usus
953 570 1030 593 sum
1047 559 1152 592 etiam
1167 559 1204 592 in
1221 557 1289 592 hac
1310 559 1474 606 editione.
1507 558 1620 605 (Sign.
1634 557 1673 606 l.)

115 626 194 657 (cod.
210 628 245 655 z.)
346 619 402 654 26.
444 618 533 654 cod.
552 618 703 653 Florem.
722 618 888 652 Riccard.
906 618 976 653 659
993 619 1200 653 chartaceus
1217 618 1389 654 exhibens
1406 619 1543 655 Comm.
1565 619 1716 654 Amnis
1730 620 1768 653 in

254 679 438 719 Sermones,
457 680 575 714 Artem
586 681 757 725 poeticam
772 686 802 713 et
816 678 990 721 Gar-mina,
1008 680 1138 725 quippe
1156 691 1304 725 quorum
1316 680 1351 713 in
1364 680 1435 714 fine
1446 680 1577 714 haecce
1589 679 1767 726 leguntur:

252 739 412 786 Explicit
438 739 528 774 liber
553 738 706 773 Acronis
733 751 839 785 super
867 739 953 773 odas
979 738 1096 773 Oratii
1122 739 1273 785 scriptus
1299 751 1321 772 a
1344 751 1400 773 me
1429 739 1584 774 Ricardo
1608 740 1767 774 Lunensi

252 798 361 835 Blixii
377 798 450 834 filio
468 798 647 834 auulensis
670 811 761 833 anno
784 798 917 833 domini
931 797 1205 834 MCCCCLVII
1220 804 1254 833 et
1271 798 1327 833 die
1345 805 1470 845 quarto
1487 801 1616 837 mensis
1633 801 1718 835 maii
1734 805 1768 834 et

252 859 340 893 hora
367 870 479 905 prope
505 869 651 897 xxlnffi¹
687 864 721 892 et
755 859 812 893 die
845 860 1021 893 mercurii.
1061 871 1088 892 s.
1107 859 1274 904 expletus
1300 858 1515 893 Florentiae.
1572 859 1674 894 Alias
1698 859 1768 893 alia

253 918 426 953 eiusmodi
441 919 479 952 in
495 918 563 952 hoc
580 918 670 953 libro
690 924 889 952 occurrunt.
920 918 1167 957 Commentum
1188 919 1225 952 in
1247 917 1413 964 epistulas
1434 930 1506 953 non
1522 919 1623 953 inest.
1671 919 1767 954 Hinc

250 978 333 1013 inde
363 979 485 1012 variae
517 978 683 1013 lectiones
709 990 730 1014 a
760 979 874 1024 prima
907 990 1015 1012 manu
1041 978 1192 1022 margini
1220 977 1408 1023 adspersae
1434 983 1515 1011 sunt
1541 990 1583 1012 ac
1611 978 1768 1013 secunda

251 1038 368 1084 aliqua
385 1049 511 1071 manus
528 1036 663 1071 scholia
680 1037 864 1083 aliquoties
886 1037 972 1071 haut
988 1037 1078 1071 male
1096 1038 1261 1071 correxit.
1298 1037 1527 1071 Potissimum
1550 1037 1665 1072 codex
1686 1050 1766 1072 cum

253 1097 332 1132 edd.
349 1097 439 1132 Vcn.
458 1097 554 1132 facit.
581 1096 691 1131 Plura
707 1098 858 1132 enotaui.
879 1094 993 1143 (Sign.
1012 1096 1060 1142 z).

105 1156 181 1186 (⁰⁰d·
197 1156 239 1185 R.)
344 1157 401 1191 27.
436 1157 525 1192 Cod.
543 1157 754 1192 Parthiam
772 1157 861 1192 7988
880 1156 995 1203 (Sign.
1008 1156 1067 1203 R).
1086 1157 1177 1193 Vide
1190 1157 1463 1204 descriptionem
1472 1157 1567 1192 infra
1584 1157 1649 1192 sub
1663 1170 1697 1192 n.
1709 1158 1766 1192 43.

109 1218 190 1254 (Cod-
206 1222 241 1254 e·)
348 1217 403 1252 28.
438 1217 526 1252 Cod.
543 1217 719 1251 Romanus
744 1217 911 1252 Ottobon.
941 1218 1030 1252 1379
1057 1217 1170 1262 (Sign.
1189 1216 1237 1261 3).
1268 1217 1359 1251 Vide
1382 1217 1654 1262 descriptionem
1674 1217 1767 1251 infra

252 1276 317 1311 sub
333 1289 368 1311 n.
386 1277 442 1310 44.

115 1340 195 1371 (Cod·
212 1341 249 1371 3·)
345 1337 401 1370 29.
436 1336 525 1371 Cod.
554 1337 731 1370 Romanus
759 1336 887 1370 Urbin.
917 1337 985 1370 359
1014 1336 1129 1380 (Sign.
1160 1335 1206 1381 e).
1245 1336 1338 1370 Vide
1371 1336 1643 1382 descriptionem
1674 1336 1768 1369 infra

250 1395 316 1430 sub
332 1408 367 1429 n.
384 1395 442 1429 45.

289 1483 293 1486 .
344 1455 400 1489 30.
435 1455 523 1489 Cod.
541 1454 727 1488 Bernemz's
743 1456 812 1489 516
829 1454 943 1499 (Sign.
961 1455 1009 1500 2).
1043 1455 1134 1489 Vide
1150 1455 1422 1500 descriptionem
1438 1454 1584 1498 infra*).
