1936 2749
978 538 1019 573 C.

636 562 640 577 Ι

371 610 552 642 CODICES
580 610 655 645 QVI
673 592 858 640 ACRONIS
877 608 1217 641 COMMENTARIOS
1240 610 1296 639 ET
1316 610 1630 641 PORPHYRIONIS

569 670 749 699 EODEM
774 669 1060 700 VOLUMINE
1089 669 1417 701 CONTINENT.

96 812 235 843 (Cod-R·>
336 812 394 846 43.
432 811 521 847 cod.
548 812 757 845 Parisiensz's
785 811 874 845 7988
896 810 989 845 foliis
1015 820 1113 845 can
1143 810 1423 845 membranaceis
1446 817 1628 857 constans,
1657 813 1748 848 liber

242 867 575 918 splendidissumus,
599 872 715 918 pictus
737 883 779 905 ac
797 871 908 905 multa
928 876 1004 905 arte
1025 876 1178 905 ornatus.
1227 871 1349 905 Prima
1369 870 1418 905 lit.
1436 872 1580 907 initialis
1599 874 1747 918 uirginis

242 932 397 968 ostendit
412 933 605 979 imaginem
621 932 809 978 diligenter
832 931 1089 966 adumbratam.
1132 931 1298 966 Continet
1323 936 1439 965 autem
1465 931 1501 977 a)
1528 933 1622 968 foliis
1647 943 1746 969 CXLV

241 992 524 1037 Porphymbnem,
543 998 691 1038 excepto
705 992 786 1026 libri
799 993 905 1037 primi
918 992 1148 1037 epistularum
1160 992 1241 1034 fine,
1259 993 1422 1036 2⁰⁷2te9ru⁷n
1437 993 1475 1025 in
1485 992 1626 1027 Horatii
1640 1006 1747 1039 opera

241 1052 370 1085 omnia.
420 1051 617 1085 Distinctus
643 1051 786 1098 quidem
808 1056 861 1085 est
880 1050 971 1085 liber
993 1051 1188 1084 carminum
1214 1050 1405 1094 secundus,
1426 1052 1563 1094 tertius,
1588 1053 1746 1096 singulae

241 1116 358 1146 autem
375 1111 465 1146 odae
483 1112 658 1146 continuis
676 1112 830 1145 numeris
848 1111 1109 1155 significantur,
1126 1112 1175 1144 ita
1193 1111 1335 1156 quidem
1351 1116 1389 1144 ut
1407 1123 1436 1144 e.
1454 1122 1505 1155 gr.
1524 1111 1605 1145 libri
1621 1112 1659 1146 II
1677 1111 1746 1147 oda

241 1171 397 1205 secunda
419 1176 623 1205 numeretur
647 1181 723 1215 ,XLI
746 1170 832 1205 ode.’
886 1171 1139 1216 Inscriptiones
1169 1170 1274 1204 modo
1303 1170 1446 1214 adsunt,
1475 1171 1579 1205 modo
1607 1173 1744 1206 numeri

238 1235 390 1274 tantum,
413 1230 518 1264 modo
541 1235 714 1264 neutrum.
773 1229 873 1264 Odae
899 1242 1009 1275 usque
1033 1229 1080 1263 ad
1107 1230 1213 1263 finem
1234 1229 1315 1264 libri
1338 1240 1378 1263 1v
1400 1230 1549 1264 tendunt
1576 1232 1743 1266 continuo

238 1302 465 1324 numerorum
492 1290 628 1333 ordine,
660 1291 710 1323 ita
736 1298 775 1323 ut
803 1291 872 1323 sint
895 1299 977 1333 01113
1001 1289 1123 1336 epodis
1142 1289 1228 1323 nulli
1246 1289 1319 1323 dati
1343 1294 1422 1323 sunt
1443 1291 1594 1334 numeri,
1619 1291 1742 1325 inscri-

237 1350 377 1395 ptiones
393 1355 512 1383 tamen
530 1351 806 1395 conspiciuntur.
854 1350 970 1383 Voces
989 1361 1153 1393 graecae,
1177 1349 1304 1394 quibus
1322 1350 1543 1394 potissimum
1561 1350 1677 1384 scriba
1693 1351 1742 1384 la-

238 1421 348 1443 cunas
361 1409 512 1455 reliquit,
522 1409 632 1443 literis
645 1409 763 1443 latinis
777 1410 929 1455 scriptae
944 1415 1033 1452 sunt,
1052 1421 1235 1454 perperam
1250 1410 1466 1454 saepissime,
1478 1421 1742 1456 nonnumquam

237 1469 368 1503 rectius
385 1474 438 1502 ut:
457 1481 490 1512 ,a
507 1470 599 1514 potis
618 1468 812 1514 aphroditis
831 1467 919 1510 (ἀπὸ
936 1471 997 1515 τῆς
1012 1467 1254 1516 Λφροδίτης).
1303 1469 1501 1514 Utcumque
1519 1470 1614 1503 uitiis
1632 1469 1741 1504 abun-

238 1528 298 1561 dat
315 1533 420 1574 atque
436 1529 589 1573 ineptiis,
607 1533 791 1573 praestans
808 1533 927 1562 tamen
944 1528 1128 1562 habendus
1146 1528 1236 1562 liber
1250 1533 1313 1571 est,
1334 1527 1470 1562 scholia
1482 1527 1641 1573 plurimis
1655 1528 1743 1563 locis

235 1588 422 1622 manifeste
440 1588 641 1622 emendans.
678 1588 725 1622 At
746 1600 831 1622 uero
849 1589 977 1622 mirum
994 1589 1114 1634 utique
1134 1589 1218 1621 istut
1237 1593 1289 1621 est
1306 1587 1401 1634 quod
1418 1588 1574 1633 epistulis
1592 1600 1613 1622 a
1629 1589 1743 1634 prima

234 1659 343 1680 manu
359 1647 467 1681 rubro
484 1647 602 1681 colore
621 1648 857 1693 subscriptum
870 1648 1017 1692 legitur:
1044 1648 1157 1691 ,Finis
1167 1648 1356 1681 commenti
1367 1659 1472 1692 super
1486 1648 1645 1693 epistulis
1659 1650 1743 1682 satis

235 1705 408 1739 mendosi?
444 1706 569 1740 Scriba
586 1706 734 1740 honesta
750 1706 920 1751 religione
938 1708 1100 1740 exarauit
1117 1719 1200 1740 sane
1218 1707 1406 1750 adtentius,
1425 1706 1462 1740 id
1475 1707 1570 1752 quod
1583 1707 1742 1752 frequen-

233 1766 285 1799 tia
312 1765 441 1799 docent
463 1766 625 1811 exempla
647 1766 774 1813 quibus
801 1767 877 1812 ipse
902 1779 937 1800 se
961 1767 1131 1809 correxit,
1155 1766 1367 1811 ubicumque
1398 1766 1536 1812 lapsum
1562 1778 1598 1799 se
1622 1766 1743 1812 depre—

235 1824 407 1860 henderit.
457 1826 558 1860 Haec
576 1838 647 1860 una
664 1839 719 1860 res
736 1831 854 1860 tamen
871 1826 928 1860 hic
946 1831 1069 1861 notatu
1086 1826 1194 1870 digna
1212 1825 1367 1870 videtur,
1386 1827 1515 1872 quippe
1537 1830 1618 1872 post
1639 1827 1743 1872 primi

233 1884 316 1919 libri
338 1887 482 1919 satiram
503 1887 655 1931 primam
675 1899 785 1932 usque
808 1886 854 1920 ad
876 1892 1013 1920 sextam
1035 1891 1206 1920 mutatum
1228 1898 1304 1920 esse
1324 1885 1481 1920 ordinem
1499 1887 1549 1920 ita
1565 1892 1603 1920 ut
1620 1898 1742 1920 secun—

234 1944 316 1979 dam
329 1950 454 1992 quarta
469 1946 625 1992 excipiat
638 1950 741 1992 atque
754 1945 845 1981 hanc
859 1947 990 1993 quinta,
1004 1947 1117 1990 tertia,
1133 1951 1234 1980 sexta
1248 1951 1449 1992 sequantur,
1469 1946 1505 1981 id
1524 1946 1618 1993 quod
1637 1947 1742 1981 etiam

234 2007 271 2039 in
288 2011 357 2040 vet.
372 2006 450 2040 cod.
463 2006 674 2040 Monacensi
688 2012 792 2053 atque
809 2008 846 2040 in
859 2006 936 2040 aliis
950 2006 1131 2040 codicibus
1145 2006 1402 2052 Porphyrionis
1417 2006 1741 2051 animadvertimus.

232 2064 320 2099 Post
348 2065 535 2111 epistulam
561 2066 643 2100 libri
670 2066 688 2099 I
717 2066 890 2100 decimam
916 2078 1047 2100 nonam
1068 2065 1246 2100 excidisse
1269 2078 1384 2112 pauca
1407 2066 1639 2112 supplementi
1662 2066 1740 2102 loco

233 2124 447 2158 monendum
465 2130 527 2169 est,
546 2131 582 2159 at
600 2125 776 2159 secundus
793 2126 882 2160 liber
898 2127 1034 2171 integer
1049 2125 1187 2169 legitur.

326 2184 365 2227 b)
384 2184 474 2219 Cum
492 2185 577 2220 folio
598 2195 699 2220 CXLV
722 2185 907 2219 adiunctus
930 2190 1034 2232 atque
1060 2185 1105 2220 ab
1128 2184 1253 2220 eadem
1270 2197 1376 2219 manu
1398 2191 1563 2220 exaratus
1583 2187 1742 2232 sequitur

232 2243 393 2287 ,Acrone's
408 2244 640 2279 Grammatz'ci
656 2245 924 2279 Commentarius
941 2247 977 2279 in
996 2246 1100 2279 libros
1116 2245 1313 2279 Carmimtm
1330 2245 1472 2290 Oratt'i',
1491 2246 1617 2291 quibus
1636 2246 1741 2291 epodi

232 2308 266 2336 et
282 2315 425 2338 carmen
444 2304 624 2339 saeculare
641 2305 927 2339 adnumerantur.
976 2304 1079 2339 Vitae
1100 2305 1159 2339 III
1181 2310 1215 2339 et
1230 2305 1266 2339 II
1284 2306 1368 2339 item
1385 2306 1422 2339 in
1440 2305 1507 2338 hoc
1523 2304 1614 2339 libro
1633 2310 1737 2351 atque

232 2362 268 2395 in
291 2362 368 2397 aliis
391 2363 552 2409 plurimis
575 2365 757 2411 praecedit
773 2366 841 2411 ipsi
857 2364 1011 2399 Aci-onis
1030 2365 1258 2411 expositioni,
1284 2369 1323 2398 ut
1339 2353 1464 2410 quarta
1480 2363 1738 2410 Porphyrionis

233 2425 495 2458 commentario.
544 2424 662 2470 Epodi
678 2425 799 2459 insunt
815 2437 935 2460 omnes
952 2430 1093 2471 praeter
1109 2424 1286 2468 ultimum,
1310 2425 1410 2458 cuius
1427 2435 1499 2458 non
1515 2424 1583 2457 nisi
1600 2425 1738 2459 initium

234 2485 347 2522 extat3
376 2488 428 2515 set
450 2484 543 2517 enim
560 2485 678 2518 scriba
699 2485 906 2531 simpliciter
929 2485 1116 2519 confitens:
1146 2483 1279 2528 ,deficit
1300 2484 1474 2529 expositio
1500 2479 1603 2517 huius
1630 2484 1737 2529 odes‘,

230 2543 343 2573 totam
360 2539 411 2573 illi
427 2542 594 2586 paginam
611 2543 752 2589 reliquit
769 2549 872 2590 atque
891 2544 936 2578 ad
954 2555 1097 2578 carmen
1114 2543 1295 2577 saeculare
1311 2542 1460 2576 transiit.
1511 2542 1611 2577 Odae
1630 2544 1736 2578 etiam
