1936 2749
127 315 206 338 cem
231 303 397 338 correxit.
445 302 567 338 Tertia
591 304 717 338 manns
739 302 908 338 lectiones
932 303 1111 338 uariantes
1134 301 1286 339 subinde
1301 302 1454 348 margini
1469 301 1637 349 adposuit
1924 305 1936 349 Aa}

129 367 170 397 ut
197 362 255 398 od.
278 361 308 407 I,
328 363 346 398 1
371 362 419 399 ad
442 362 555 399 verba
575 363 614 397 in
635 374 737 397 own-eu
757 372 833 397 wo.-
855 362 958 398 aliter
977 375 1098 407 σαι-ηις
1114 362 1181 398 μοᾱ.
1198 362 1229 407 I,
1246 362 1269 397 3
1292 362 1340 397 ad
1359 361 1471 397 verba
1487 368 1634 396 exmotu

134 422 273 457 oceani:
291 421 392 457 aliter
408 427 504 456 aem
518 426 585 457 eto.
602 421 704 457 Folio
720 423 929 457 nouiss'umo
942 433 1052 469 aeque
1065 422 1202 458 Oomm.
1219 423 1258 457 in
1274 422 1465 457 Sermones
1482 432 1525 456 ac
1541 425 1636 455 totus

130 482 247 517 codex
263 480 388 517 eodem
404 482 478 517 fere
495 493 564 528 quo
581 481 753 517 editiones
769 483 964 528 impressae
980 482 1086 516 modo
1103 483 1185 516 exit.
1218 482 1390 516 Maiorem
1402 480 1485 516 libri
1496 485 1635 528 partem

132 542 290 577 adhibui.
325 541 438 588 (Sign.
455 540 498 586 t).
586 579 589 581 .
836 575 854 583 ,
937 574 939 577 .

223 602 276 635 17.
318 601 406 635 Ood.
431 600 529 634 Rom.
551 601 630 635 Vat.
655 601 756 644 1516,
777 600 933 634 chartac.
950 600 1044 634 foliis
1062 600 1219 634 eiusdem
1235 600 1372 633 numeri
1388 610 1469 633 cum
1485 611 1627 645 praece·
1648 598 1728 628 <0⁰d·
1743 599 1781 627 ⁰·)

121 659 233 695 >dente
258 660 343 694 item
363 660 400 694 in
424 659 529 694 Italia
555 664 720 694 exaratus
749 659 850 693 annis
883 668 1085 694 MOOCCLVII
1117 664 1152 693 et
1183 667 1269 703 VIII,
1301 657 1449 705 praebet
1480 657 1633 692 Acronis

130 719 266 755 Comm.
283 720 321 754 in
339 719 512 760 Carmina,
541 719 680 765 Epodd.
701 718 813 754 Oarm.
830 732 918 753 saec.
941 719 1017 754 Art.
1031 732 1092 765 po.
1110 726 1142 753 et
1157 718 1343 753 Sermones.
1362 718 1634 754 Comm-inArt.

129 791 186 826 po.
212 779 344 826 duplex
372 781 474 826 inest,
501 779 649 814 Praeter
679 780 786 823 vitas,
815 785 929 814 metra
957 778 1097 826 alia'que
1131 790 1283 826 paterga
1306 779 1417 824 ipsius
1446 779 1634 813 commenti

128 844 265 885 partem
281 839 423 874 contuli.
450 838 565 884 (Sign.
584 836 631 885 o).

224 899 277 933 18.
319 899 408 943 Ood.
434 899 532 933 Rom.
558 898 639 932 Vat.
656 898 748 933 3316
770 904 936 933 constans
957 898 1050 933 foliis
1066 908 1242 933 cxxvaII
1266 898 1462 932 chartaceis
1483 910 1525 932 ac
1552 909 1631 943 pro—
1652 902 1733 936 (cod.
1747 904 1787 936 n.)

130 969 266 1003 ponens
278 957 401 991 Oomm.
415 958 449 990 in
459 957 575 990 Artem
580 958 751 1002 poeticam
762 955 909 1003 (absque
918 958 1134 1004 epigraphe),
1144 959 1244 991 euius
1253 958 1392 991 initium
1400 957 1445 991 ab
1455 957 1635 1002 impressis

127 1016 226 1051 libris
243 1016 398 1062 paullum
416 1015 578 1050 dissentit
594 1006 644 1050 ita
660 1021 698 1050 ut
714 1016 850 1051 alienae
867 1017 900 1051 ei
916 1016 1055 1062 glossae
1076 1017 1254 1051 admixtae
1276 1016 1481 1060 videantur,
1506 1015 1634 1050 deinde

131 1075 308 1109 Comm.'in
326 1075 500 1109 Sermone-³
516 1076 602 1109 item
622 1087 694 1110 non
710 1076 826 1110 ferens
843 1077 1104 1122 inscriptiones,
1122 1077 1282 1122 quamuis
1298 1076 1414 1121 pictae
1430 1074 1553 1109 literae
1569 1075 1635 1109 ini—

128 1135 229 1170 tiales
254 1135 371 1169 satiris
397 1133 544 1180 singulis
566 1140 741 1181 prostent,
759 1135 911 1182 denique
929 1135 1053 1170 Gomm.
1071 1137 1109 1170 in
1126 1135 1291 1181 epistulas
1307 1146 1418 1181 aeque
1434 1139 1474 1168 ut
1488 1146 1636 1181 praece-

130 1187 252 1230 dentes
275 1199 393 1241 partes
409 1195 639 1241 inscriptione
656 1207 790 1230 carens.
825 1195 968 1230 Scholia
984 1195 1213 1243 epistularum
1234 1194 1358 1230 mutila
1381 1199 1478 1239 sunt,
1504 1200 1636 1230 exeunt

129 1256 222 1288 enim
238 1255 285 1288 ad
300 1255 350 1297 II,
370 1256 399 1298 1,
418 1255 501 1287 247:
532 1254 722 1288 Dilecti—
733 1262 855 1300 poetae
877 1267 958 1289 cum
979 1256 1114 1290 uerbis:
1147 1255 1249 1290 Ordo,
1267 1262 1303 1288 at
1318 1254 1440 1288 dilecti
1451 1254 1516 1287 tibi
1528 1255 1634 1300 uir-92⁶-

133 1313 201 1347 lius
218 1325 388 1359 nav-usque
406 1325 492 1358 qua-e
515 1312 730 1348 dedecorant.
778 1314 837 1349 Ex
859 1316 1003 1362 antiquo
1021 1315 1118 1350 fonte
1137 1314 1294 1350 codicem
1313 1315 1403 1350 duco
1420 1313 1631 1359 profectum.

128 1372 354 1407 Editionibus
370 1374 550 1419 impressis
571 1373 709 1419 plenior
724 1379 792 1418 est,
814 1379 851 1408 at
866 1386 956 1420 quae
972 1374 1095 1408 addita
1112 1379 1202 1418 sunt,
1220 1387 1291 1409 non
1307 1376 1436 1422 ubique
1454 1379 1634 1423 antiquam

129 1433 303 1477 originem
319 1432 484 1478 produnt.
533 1431 634 1475 Quae
650 1433 816 1478 grauiora
831 1434 869 1468 in
886 1445 927 1468 eo
944 1433 1157 1469 videbantur
1173 1433 1327 1470 adhibui.
1355 1435 1467 1482 (Sign.
1483 1435 1534 1483 n).

226 1492 278 1526 19.
315 1491 403 1526 Cod.
422 1491 519 1525 Rom.
534 1491 615 1526 Vat.
627 1492 716 1526 4611
732 1492 886 1528 chartac.
900 1493 994 1528 foliis
1010 1503 1172 1528 MLxxxv
1195 1496 1373 1540 quaternis
1393 1496 1501 1531 rubro
1518 1497 1635 1533 colore
1658 1499 1738 1532 (0⁰d·
1754 1501 1797 1533 δῦ)

126 1552 334 1595 numeratis,
359 1551 449 1586 liber
474 1551 684 1586 luculentius
710 1558 744 1586 et
765 1552 968 1598 diligentius
991 1553 1035 1587 ab
1061 1565 1132 1587 una
1153 1566 1260 1588 manu
1280 1555 1318 1589 in
1333 1554 1439 1589 Italia
1455 1563 1633 1592 exaratus.

130 1610 253 1645 Prima
268 1611 402 1657 pagina
416 1610 592 1646 coloribus
614 1623 769 1658 auroque
791 1617 915 1647 ornata
936 1614 1090 1647 cernitur
1111 1618 1215 1660 atque
1232 1614 1479 1661 inscriptiones
1495 1622 1635 1663 poetae-

130 1683 197 1717 que
214 1670 325 1705 verba
340 1682 404 1716 per
425 1675 537 1705 totum
552 1670 721 1706 'codicem
742 1677 823 1706 sunt
842 1671 960 1706 rubra.
994 1672 1161 1707 Continet
1184 1678 1302 1708 autem
1324 1674 1459 1709 Comm.
1482 1676 1634 1712 Acronis

128 1732 167 1765 in
193 1730 372 1773 Carmina,
399 1729 553 1775 Epodos,
581 1730 724 1764 Carmen
744 1744 832 1765 saec.
855 1738 955 1776 atque
971 1731 1087 1766 Artem
1106 1733 1287 1776 poeticam.
1313 1734 1518 1781 Epigraphe
1534 1748 1635 1782 prae-

129 1790 245 1836 posita
261 1788 391 1823 haecce
408 1790 583 1836 principio
600 1789 744 1834 legitur:

516 1858 680 1884 ACRONIS
698 1859 935 1885 GRAMMATICI
951 1860 1196 1886 EXPLANATIO

518 1918 559 1942 IN
576 1918 726 1944 LIBROS.
744 1919 956 1944 CARMINUM.
976 1920 1011 1952 q.
1031 1920 1175 1945 ORATII.

517 1978 658 2003 FLACOI.
676 1978 820 2003 INCIPIT

630 2037 722 2061 VITA
740 2037 883 2062 ORATII.

224 2086 329 2122 Hanc
350 2088 462 2122 uitam
482 2086 541 2122 ΙΙΙ
563 2088 719 2134 sequitur
739 2089 814 2123 uita
829 2088 868 2123 ΙΙ
884 2089 1055 2136 inscripta
1072 2102 1183 2137 aeque
1199 2096 1238 2125 ut
1253 2092 1290 2125 in
1308 2091 1387 2126 edd.
1405 2104 1458 2138 pr.
1474 2092 1637 2127 Romana

131 2152 167 2181 et
182 2146 441 2182 Mediolanensi
457 2147 688 2183 Zarothiana:

599 2217 702 2242 ITEM.
720 2218 871 2243 ALITER.
885 2219 987 2243 VITA.
1007 2218 1151 2244 ORATII.

225 2266 343 2309 Quam
358 2272 495 2313 partem
511 2268 693 2313 excipiunt
708 2273 793 2302 nota
807 2268 869 2303 illa
885 2281 976 2315 quae
993 2275 1074 2303 sunt

517 2337 568 2361 DE
585 2337 738 2362 METBIS.
756 2337 908 2369 QUIBUS.
924 2338 966 2363 IN
984 2337 1119 2363 OPERE.
1139 2338 1224 2364 SUO.

554 2422 556 2424 .
574 2396 731 2423 umen.
751 2397 896 2423 omno
915 2387 1019 2434 (sie),

221 2441 282 2475 Ad
307 2443 415 2487 epodi
438 2444 553 2479 ultimi
577 2447 638 2491 qui
660 2451 841 2493 tamquam
865 2447 969 2492 „Ode
986 2447 1131 2483 OXX1“
1147 2454 1350 2483 numeratus
1366 2450 1405 2484 in
1421 2448 1556 2485 Codice
1573 2454 1639 2493 est,

129 2504 267 2547 partem
291 2502 522 2547 posteriorem
547 2515 570 2538 a
589 2517 623 2540 v.
639 2505 686 2540 53
708 2512 806 2542 extat
827 2506 1047 2544 solummodo
1070 2509 1268 2555 argumenti
1287 2509 1429 2545 initium
1453 2521 1565 2558 usque
1590 2508 1637 2544 ad
