1936 2749
1595 155 1638 195 21

142 244 181 281 in
195 241 270 278 hac·
279 242 414 281 codicis
430 250 529 291 parte
546 247 712 282 continuo
727 248 958 283 nnmerantur
974 243 1110 289 ordine,
1126 246 1178 280 ita
1193 250 1232 280 ut
1244 246 1327 282 inde
1339 259 1477 282 summa
1490 246 1640 282 odarum

142 312 236 338 CXXI
251 302 389 346 euadat.
415 304 598 341 Dissensio
614 315 843 346 numerorum
856 302 956 350 apud
972 302 1258 350 Porphyrionem
1273 318 1314 341 eo
1332 306 1530 353 explicatur
1543 307 1639 354 quod

143 363 183 398 in
197 362 338 398 Acrone
360 363 449 399 duae
471 365 560 400 odae
580 367 619 400 in
643 366 750 401 unam
775 367 980 398 contractae
1007 364 1245 399 inueniuntur.
1292 365 1416 412 Itaque
1437 367 1532 401 enim
1551 366 1639 402 haec

145 422 189 457 de
210 422 349 470 duplice
369 423 436 459 hoc
456 425 577 460 codice
599 425 657 460 hic
681 424 876 469 sufficiant(
920 422 1049 458 Totum
1071 424 1203 460 contuli
1219 430 1324 472 atque
1341 426 1639 466 accuratiusexa—

145 484 287 519 minaui.
313 484 426 532 (Sign.
442 486 497 530 R.)

236 546 292 580 44.
331 545 419 580 Cod.
441 547 617 580 Romanus
640 545 809 581 Ottobon.
828 545 918 578 1379
940 545 1095 579 chartac.
1116 546 1211 580 foliis
1233 556 1334 581 CLxx
1356 548 1535 593 quaternis
1558 559 1641 582 con·
1657 550 1737 586 (Cod.
1752 552 1790 584 a.)

145 606 260 640 tinens
276 610 460 653 utrumque
482 611 637 641 ueterem
657 606 896 650 interpretem.
934 603 990 639 Ac
1006 605 1159 652 primum
1176 605 1319 652 quidem
1335 606 1501 640 Acronem
1518 616 1540 641 C
1556 607 1643 642 folia

145 666 265 711 priora
285 666 573 711 complectuntur,
596 676 686 712 quae
707 665 745 699 in
765 664 866 708 odaS,
893 664 1026 710 epodos
1049 670 1083 699 et
1104 677 1211 699 carm.
1230 678 1322 701 saec.
1348 667 1529 701 continent
1549 679 1642 701 com·
1675 679 1677 681 ’

146 726 355 759 mentarium
382 738 402 759 a
423 726 531 773 variis
553 724 716 759 manibus
737 725 986 770 conscriptum.
1047 724 1176 759 Tribus
1204 726 1350 771 singulis
1375 726 1534 772 partibus
1562 727 1642 761 sub-

146 786 290 831 scriptio
308 785 390 820 data
407 791 473 821 est:
490 784 658 830 ‚FINIS‘.

241 846 329 881 Cum
357 845 441 881 folio
463 855 484 880 C
511 846 686 891 incipiunt
709 846 952 879 commentarii
978 845 1229 891 Powhyrc'onis
1249 846 1286 879 in
1307 858 1476 880 sermones
1502 853 1532 880 et
1556 848 1640 892 epis-

148 905 237 939 tulas
254 919 274 940 a
290 918 396 940 manu
413 905 568 940 secunda
584 905 731 950 exarati.
766 905 995 940 Sermonibus
1012 905 1056 940 ab
1069 906 1169 940 initio
1182 918 1294 952 parua
1305 905 1434 941 haecce
1446 911 1641 942 atramento

147 965 326 1013 adscripta
343 971 395 1001 est
411 965 617 1013 epigraphe:
644 964 768 1010 ,Super
783 966 991 1000 sermonibus
1008 965 1168 1000 Horatii:
1214 966 1356 1011 Integer
1372 967 1409 1001 in
1426 967 1644 1002 sermonibus

148 1026 237 1060 liber
254 1031 321 1068 est3
345 1027 418 1059 exit
434 1027 528 1059 enim
545 1030 783 1059 commentum
800 1030 864 1058 sat.
877 1026 925 1068 ΙΙ,
937 1026 958 1059 8
975 1038 1047 1059 non
1064 1025 1176 1059 solum
1193 1038 1274 1059 cum
1290 1026 1399 1060 uerbo
1418 1028 1643 1070 ezoiperetur,

150 1089 201 1119 set
217 1084 316 1119 addit
333 1086 437 1119 etiam
451 1085 552 1131 plura
566 1096 656 1131 quae
669 1083 838 1119 claudunt
851 1096 932 1119 cum
943 1084 1061 1130 glossa
1073 1083 1135 1119 illa
1149 1084 1194 1118 ad
1207 1097 1240 1119 v.
1255 1085 1300 1119 86
1313 1083 1515 1131 mazonomo]
1532 1097 1643 1131 genus

147 1145 258 1179 lancis
278 1142 422 1192 (RE-qm)
441 1156 534 1178 nunc
552 1149 608 1178 est
622 1141 684 1188 (=
699 1144 762 1178 A4
774 1144 859 1182 alii).
892 1144 939 1178 Et
955 1144 1022 1179 hoc
1038 1145 1116 1179 loco
1134 1145 1356 1191 subscripsit:
1374 1144 1509 1189 ‚Finis‘.
1542 1146 1644 1191 Epis—

148 1203 241 1238 tulae
263 1204 420 1248 singulae
442 1216 555 1250 neque
570 1199 681 1238 literis
698 1204 893 1238 initialibus
910 1216 1023 1250 neque
1035 1205 1323 1250 inscriptionibus
1336 1197 1502 1250 gaudent,
1516 1206 1645 1251 quippe

150 1276 238 1309 quae
256 1264 365 1297 serius
383 1263 566 1298 addendae
583 1269 693 1297 erant.
741 1264 831 1298 Item
848 1275 933 1298 uero
950 1264 1109 1309 integrae
1127 1269 1223 1308 sunt3
1248 1269 1377 1298 exeunt
1401 1265 1496 1299 enim
1512 1269 1550 1298 ut
1567 1264 1646 1299 edd.

148 1324 250 1369 impr.
267 1335 345 1357 cum
363 1322 494 1358 uerbis:
512 1330 666 1356 masuras
682 1335 793 1357 seneae.
842 1323 886 1358 In
903 1322 999 1358 calce
1015 1322 1179 1369 leguntur
1195 1323 1338 1358 haecce:

745 1383 852 1427 ,Laus
870 1383 936 1418 deo
952 1384 1055 1429 patri.

613 1442 791 1488 Ponponii
806 1442 1064 1489 Porphyrionis
1082 1442 1186 1478 finis}

148 1501 261 1535 Multa
278 1503 429 1535 excussi.
458 1499 572 1547 (Sign.
590 1500 639 1548 3.)

240 1560 295 1594 45.
340 1560 427 1595 Cod.
454 1561 631 1594 Romanus
657 1562 745 1596 Urb.
773 1562 841 1596 359
867 1562 1105 1597 membranae.
1133 1572 1277 1597 CCXVIII
1304 1562 1396 1596 foliis
1424 1562 1646 1596 nitidioribus
1660 1577 1740 1609 (cod.
1754 1576 1794 1609 h)

146 1620 318 1667 praebens
338 1619 461 1654 Gomm.
479 1620 726 1667 Porphyrionis
743 1622 779 1655 z'n
802 1622 917 1655 omnia
932 1622 1076 1655 Horace·
1093 1635 1198 1667 opera
1216 1623 1380 1668 integrum
1402 1627 1506 1668 atque
1526 1621 1609 1656 inde
1626 1634 1647 1655 a

148 1680 232 1714 folio
254 1688 405 1713 CXXVIII
425 1681 573 1713 Acronis
590 1682 627 1714 in
651 1680 814 1715 Carmina
837 1694 912 1714 cum
934 1680 1069 1726 Epodis
1091 1688 1121 1714 et
1145 1680 1303 1715 Carmine
1327 1681 1510 1715 saeculari.
1562 1681 1649 1715 Atat

149 1739 206 1773 hic
230 1743 446 1773 uetustorum
466 1739 697 1785 interpretum
718 1740 807 1774 liber
828 1745 881 1774 est
903 1741 1060 1775 omnium
1081 1753 1168 1786 quos
1194 1740 1357 1786 equidem
1381 1741 1522 1786 inspexi
1545 1740 1648 1784 longe

149 1797 479 1844 splendidissumus,
508 1804 675 1833 exaratus
692 1799 834 1846 quidem
859 1800 896 1833 in
922 1799 1025 1833 Italia
1050 1800 1212 1834 omnibus
1239 1800 1435 1834 ornamenti
1459 1799 1646 1844 generibus

148 1857 326 1892 adhibitis.
393 1856 487 1892 Ecce
518 1864 634 1893 autem
645 1886 654 1904 ,
691 1859 775 1894 folio
809 1859 1088 1906 expositionibus
1122 1860 1316 1906 praemisso
1330 1886 1339 1904 ,
1386 1871 1488 1894 rosae
1525 1860 1647 1903 instar,

147 1918 276 1963 quippe
297 1916 399 1950 hujus
422 1917 519 1951 floris
543 1918 657 1953 forma
679 1919 899 1964 adumbrata,
922 1920 1064 1954 obuiam
1084 1920 1149 1954 tibi
1171 1920 1315 1954 missam
1330 1919 1464 1954 hancce
1487 1919 1648 1966 pulcher-

148 1989 283 2011 rumam
299 1977 405 2011 totius
422 1976 555 2012 codicis
575 1979 856 2026 inscriptionem:

788 2032 790 2034 ’
813 2040 866 2074 IN
882 2040 985 2075 HOC

696 2099 894 2135 CODICE.
912 2099 1098 2135 CONTIN

668 2159 846 2195 ENTUR.
863 2158 1134 2194 PORPHIRIO

622 2218 714 2254 NIS.
740 2219 816 2254 ET.
842 2219 1055 2255 ACRONIS
1082 2218 1184 2254 GRA

589 2277 991 2315 MMATICORUM.
1010 2269 1203 2314 COMME

589 2336 708 2372 NTA
736 2339 810 2374 IN.
837 2338 1127 2382 QUINTUM.
1163 2338 1209 2372 H.

618 2393 854 2432 ORAT'IU
881 2397 931 2432 M.
980 2397 1181 2432 FLACC

674 2456 759 2491 UM.
806 2458 908 2493 VEN
937 2457 1017 2492 SIN
1047 2455 1129 2504 (sic)

737 2516 773 2550 U
805 2517 856 2551 M.
904 2517 933 2550 P
944 2517 975 2552 O
987 2517 1018 2551 Ε
1031 2517 1060 2550 Τ

837 2575 871 2611 Α
907 2576 957 2616 Μ.
