1936 2749
43 1275 123 1307 (Cod.
141 1276 179 1304 d.)

209 298 246 355 et
271 307 409 366 glossis
413 318 596 358 continuis
624 330 647 353 a
666 321 696 353 1
713 330 760 353 ιιι.
784 317 936 353 Horatio
960 305 1141 366 adspersis
1165 330 1230 366 per
1255 323 1370 356 totum
1391 319 1542 367 librum,
1565 299 1626 370 qiu
1638 326 1731 369 poet

209 380 323 413 vitam
338 379 404 420 III,
422 379 481 412 cui
501 377 672 412 nonnulla
686 389 840 422 paterga
855 381 938 413 sunt
956 377 1135 421 adiuncta,
1152 383 1188 411 et
1201 379 1315 412 vitam
1330 378 1587 414 Suetonii-mm
1600 381 1724 417 omni-2

210 441 337 484 poetae
347 447 454 482 opera
462 434 618 482 praebet.
642 434 713 469 Hic
721 434 864 469 Horatii
873 433 1000 479 codex,
1011 434 1096 471 olim
1111 447 1158 471 ex
1172 434 1274 471 libris
1281 436 1522 481 „Hartmanni
1537 436 1722 483 Semelam,

211 495 321 530 celeb.
343 494 473 529 medici
495 493 840 539 Norimbergensis“,
867 499 902 528 et
928 499 1074 540 propter
1094 507 1222 540 purum
1243 496 1498 543 aequalemque
1523 497 1720 543 scripturae

208 559 366 588 tenorem
383 550 573 601 (nusquam
590 554 696 588 etiam
709 557 878 600 quantum
890 552 1036 588 uidial.
1053 553 1111 588 vel
1127 554 1160 588 2.
1177 566 1223 588 m.
1242 560 1423 591 correctus
1440 554 1508 601 est)
1525 561 1559 591 et
1575 561 1722 603 propter

208 615 403 648 vetustiora
419 627 441 648 a
462 615 489 648 l.
507 627 553 648 m.
578 614 710 659 scripta
734 613 889 657 scholia,
914 626 1004 659 quae
1029 626 1196 658 magnam
1220 620 1359 659 partem
1381 615 1552 660 Acronis,
1569 628 1684 662 neque
1699 629 1723 650 a

206 674 239 706 2.
257 685 303 706 ιιι.
321 678 457 707 mutata
472 685 640 718 umquam
656 684 769 718 neque
786 672 953 706 admixtis
966 672 1253 706 adnotationibus
1270 675 1528 718 recentioribus
1545 674 1722 709 maculata

208 737 305 776 sunt,
330 733 451 778 magni
475 731 659 767 habendus
685 737 749 766 est.
797 731 907 767 Liber
930 737 1131 778 praestans,
1156 731 1407 767 Germanicam
1433 736 1532 769 cuius
1550 735 1722 780 originem

208 792 425 826 Teutonicae
441 791 581 836 glossae
596 795 779 834 testantur,
796 790 959 825 utSerm.
973 791 1003 834 I,
1017 791 1050 834 9,
1063 792 1109 825 32
1125 791 1369 836 podagram,
1386 792 1552 826 fuozsuht
1562 793 1722 838 aliaeque

206 851 325 898 plures
342 863 429 898 quas
446 851 484 885 in
502 850 640 885 Aretz'ni
653 850 760 886 Beitr.
778 863 809 885 z.
828 849 959 885 Gesch.
978 849 1012 885 d.
1029 850 1099 885 Lit.
1118 849 1159 884 Τ.
1177 849 1249 885 VH
1266 863 1300 897 p.
1314 851 1384 885 244
1400 851 1472 886 iam
1488 851 1620 899 publici
1632 852 1718 887 iuris

207 912 292 945 fecit
305 910 488 954 Decanius,
507 911 566 956 qui
583 915 697 944 aetate
715 910 810 944 dicta
825 911 934 944 multo
953 907 1132 955 (quattuor
1144 910 1308 950 saeculis)
1323 911 1478 955 priorem
1495 924 1574 945 eum
1591 912 1720 954 statuit,

206 969 324 1004 multis
340 969 429 1004 locis
446 981 467 1003 a
484 981 539 1004 me
556 968 735 1004 adhibitus
753 974 816 1003 est.
863 968 1024 1016 Inspexit
1041 981 1120 1003 eum
1138 973 1173 1003 et
1188 968 1374 1016 descripsit
1388 969 1609 1005 Kz'rchnerus.
1628 970 1719 1005 Nou.

209 1030 368 1074 Quaestt.
385 1030 526 1064 Horatt.
544 1043 578 1076 p.
596 1030 751 1074 46—-483
770 1029 934 1075 equidem
952 1029 1091 1074 signaui
1108 1029 1147 1063 M
1164 1029 1210 1063 ad
1227 1029 1419 1064 Aaronem.

298 1209 367 1242 His
386 1214 520 1254 septem
537 1209 787 1242 vetustioribus
805 1208 923 1254 plures
940 1208 1114 1243 accedunt
1131 1208 1283 1243 Codices
1301 1208 1432 1242 saeculi
1450 1208 1533 1242 XV:

299 1268 331 1302 8.
359 1268 446 1302 Cod.
458 1268 668 1301 Par-aiensis
679 1268 769 1302 7986
781 1268 936 1302 chartac.
954 1267 1048 1302 foliis
1065 1278 1188 1302 xxxlx
1205 1269 1242 1302 in
1255 1268 1341 1302 folio
1355 1280 1387 1314 q.
1399 1268 1432 1302 (1.
1451 1268 1623 1302 exhibens
1633 1269 1719 1302 inte-

205 1340 309 1372 grum
334 1327 473 1361 Comm.
497 1328 534 1360 in
554 1326 733 1370 Carmina,
761 1327 907 1371 Epodon
931 1328 1055 1360 librum
1072 1334 1102 1360 et
1119 1340 1257 1360 carmen
1272 1327 1460 1360 saeculare.
1508 1327 1617 1361 Liber
1635 1327 1718 1361 olim

207 1389 285 1421 erat
301 1386 356 1421 Ill.
375 1393 410 1421 et
424 1387 513 1422 Rev.
534 1386 622 1420 Meli
635 1387 805 1432 episcopi,
824 1386 951 1422 deinde
974 1387 1020 1421 D.
1041 1386 1212 1431 Grz'mam',
1238 1386 1386 1433 posthac
1408 1387 1545 1421 Domus
1564 1386 1718 1421 Venetae

206 1446 286 1481 Soc.
305 1447 399 1481 Iesu.
447 1446 491 1480 In
506 1446 678 1491 ligaturae
696 1447 779 1481 folio
798 1447 1067 1481 membranaceo
1085 1447 1248 1492 leguntur
1263 1447 1407 1481 haecce:
1426 1446 1560 1490 ,Acron
1576 1447 1614 1480 in
1631 1446 1716 1480 odas

207 1506 380 1540 Matthaei
404 1507 448 1540 de
473 1518 605 1552 gypso,
631 1518 736 1552 quem
761 1507 845 1540 olim
868 1507 1090 1552 transcripsit
1110 1506 1166 1540 vir
1190 1505 1447 1541 eruditissimus
1477 1506 1523 1540 D.
1553 1506 1719 1541 Iolzarmex

165 1582 173 1587 ·
207 1565 380 1599 ΕΙιφηοῐα.ι
412 1565 471 1599 Ad
486 1571 599 1599 totum
616 1577 724 1600 carm.
743 1578 835 1600 saec.
853 1566 945 1600 hunc
962 1566 1091 1599 librum
1109 1565 1252 1609 contuli,
1269 1570 1515 1611 praeterquam
1532 1565 1618 1598 haut
1634 1577 1718 1610 pau-

44 1695 124 1729 (Cod.
140 1698 184 1727 X.)

43 2462 125 2493 (eod.
138 2460 185 2493 N.)

207 1626 258 1658 cis
274 1625 374 1658 locis.
394 1624 559 1669 (Signaui
577 1624 628 1668 d).

299 1685 331 1719 9.
373 1684 681 1719 Ood.Parz·siensls
690 1685 780 1719 7985
789 1684 985 1719 chartaceis
1003 1685 1097 1719 foliis
1115 1694 1245 1719 CXXXV
1259 1685 1295 1718 in
1308 1684 1393 1718 folio
1411 1697 1443 1730 q.
1463 1684 1496 1718 d.
1514 1688 1679 1718 exaratus
1697 1696 1717 1717 a

206 1756 314 1777 manu
322 1743 459 1786 Italica,
469 1742 643 1788 praebens
661 1743 932 1786 „COMENT1Jm“
947 1744 984 1777 in
1000 1743 1173 1786 Carmina,
1184 1742 1321 1788 Epodd.
1338 1742 1451 1776 Carm.
1466 1755 1553 1775 saec.
1569 1743 1644 1775 Art.
1657 1754 1716 1787 po.

207 1810 236 1837 et
252 1802 429 1837 Sermones
451 1815 561 1849 usque
583 1803 629 1837 ad
645 1802 699 1847 II,
718 1803 737 1837 7
756 1803 882 1838 verba:
917 1802 1088 1837 decembri
1105 1810 1216 1837 autem
1235 1816 1346 1836 ‘mense
1368 1802 1574 1836 saturnalia.
1626 1801 1715 1837 Sub-

206 1863 338 1907 scripta
354 1867 407 1895 est
423 1874 444 1895 a
463 1863 494 1895 1.
511 1874 557 1895 ιιι.
575 1861 752 1905 voxfim‘s.
801 1862 1055 1896 Commentarii
1073 1863 1111 1896 in
1127 1867 1191 1895 sat.
1206 1862 1234 1904 Ι,
1254 1863 1289 1905 1;
1303 1862 1353 1905 ΙΙ,
1371 1862 1392 1895 8
1410 1866 1514 1907 atque
1531 1862 1568 1894 ιιι
1586 1862 1718 1906 epistu-

204 1921 257 1955 las
278 1920 416 1955 absunt.
443 1920 488 1955 In
504 1920 589 1954 folio
607 1920 780 1954 involucri
796 1920 961 1966 leguntur
977 1920 1106 1956 haecce
1123 1933 1145 1955 a
1162 1920 1317 1955 Gothica
1333 1932 1441 1955 manu
1457 1920 1603 1966 scripta:
1634 1919 1716 1964 ,Co—

205 1978 343 2016 menni}
365 1980 490 2016 Oratio
509 1978 592 2025 (sic)
610 1982 748 2015 aaronis
767 1993 872 2027 super
890 1981 967 2016 odis
993 1986 1028 2015 et
1051 1980 1211 2027 poetria‘.
1240 1981 1363 2015 Prima
1387 1992 1512 2014 manus
1529 1985 1653 2014 contra
1670 1980 1716 2015 ad

206 2041 340 2075 calcem
357 2041 476 2087 posuit
491 2040 638 2074 haecce:
685 2040 843 2086 ,explicit
858 2040 949 2075 liber
964 2040 1117 2075 Acronis
1136 2053 1241 2086 super
1258 2040 1345 2074 odas
1363 2038 1500 2073 Oratii‘.
1550 2039 1717 2075 Conscri-

206 2106 287 2147 ptus
309 2100 399 2135 liber
424 2105 477 2134 est
502 2113 524 2135 a
538 2100 660 2135 scriba
687 2101 873 2146 ignorante
897 2106 931 2135 et
954 2100 1173 2147 negligente,
1200 2100 1261 2147 qui
1278 2104 1480 2134 constanter
1504 2098 1596 2134 idem
1631 2098 1719 2144 (non

206 2160 288 2203 ide')
316 2161 456 2205 scripsit
482 2172 545 2205 pro
569 2160 611 2193 id
633 2167 694 2203 est,
721 2160 865 2194 lacunas
889 2161 1030 2205 reliquit
1054 2160 1173 2194 verbis
1190 2153 1388 2194 reuissumis
1412 2164 1451 2192 ut
1466 2160 1601 2192 nomine
1618 2159 1661 2192 al.
1680 2164 1716 2193 et

205 2218 342 2253 scholia
358 2218 511 2265 plurima
536 2219 671 2258 omisit„
713 2218 977 2265 orthographia
1010 2224 1076 2256 est,
1093 2231 1258 2266 pessuma
1281 2224 1318 2255 et
1339 2223 1433 2253 totus
1460 2217 1552 2253 liber
1580 2218 1715 2253 mendis

206 2284 317 2313 scatet
337 2278 577 2318 foedissumis.
626 2278 685 2312 Ad
705 2280 861 2324 priorem
881 2284 1018 2325 partem
1042 2279 1134 2313 uitas
1160 2279 1298 2325 aliaque
1312 2289 1465 2324 pax-erga
1481 2289 1571 2323 quae
1588 2289 1714 2324 suppe-

206 2337 294 2372 ditat
317 2342 423 2383 atque
448 2336 495 2371 ad
520 2341 633 2371 artem
657 2338 834 2383 poeticam
862 2342 896 2372 et
923 2342 1102 2372 sermones
1125 2349 1207 2372 eum
1226 2336 1361 2372 contuli
1382 2341 1483 2383 atque
1503 2337 1541 2370 in
1565 2348 1716 2372 examen

207 2397 344 2431 vocaui.
362 2395 511 2442 (Notaui
526 2395 591 2442 Χ).

301 2457 355 2491 10.
396 2457 485 2492 cod.
503 2456 757 2503 Norfolez‘anus
780 2456 870 2491 2661
890 2457 951 2501 62,
979 2457 1073 2491 foliis
1100 2456 1254 2491 chartac.
1273 2466 1416 2493 CLXXXI
1444 2458 1482 2492 in
1504 2458 1591 2493 folio
1619 2470 1652 2504 q.
1678 2456 1714 2491 d.

206 2516 335 2565 minori
345 2517 581 2562 complectens
590 2517 768 2568 integrum
777 2516 890 2563 qualis
900 2521 983 2551 tunc
994 2517 1162 2566 temporis
1176 2522 1250 2551 erat
1260 2518 1553 2552 commentarium
1562 2516 1716 2550 Acronis
