1936 2749
122 1162 182 1193 (Ed.
199 1163 236 1186 h.)

262 156 390 193 meam·
439 144 603 180 Alterum
625 145 671 197 ad
692 157 748 179 me
770 150 850 179 ante
879 144 1061 192 biennium
1085 145 1183 179 misit
1202 145 1248 188 D.
1271 139 1468 191 Georgius,
1506 159 1510 166 ·
1549 163 1568 189 ·!
1585 157 1615 188 ,ιη
1629 130 1632 132 v

241 214 243 216 '
262 201 441 241 Ammius
456 206 632 251 princeps.
667 204 738 247 Qui
753 204 844 239 liber
859 203 946 238 mihi
960 203 1038 238 loco
1054 203 1164 249 Lydii
1179 202 1309 250 lapidis
1326 210 1388 239 aut
1402 165 1561 252 Carystii
1577 194 1654 243 fulit-

263 258 401 299 codicis
416 263 606 308 beneficio,
629 267 668 298 ut
683 263 770 297 nihil
788 262 831 297 de
853 254 1000 297 sublatis
1017 253 1170 307 mendis,
1192 262 1280 297 nihil
1297 263 1341 298 de
1358 265 1527 302 restitutis
1544 277 1634 313 quae
1650 270 1684 300 tr

263 325 380 370 posita
396 329 456 358 aut
472 323 632 358 mutilata
649 328 765 366 erant,
789 335 1077 367 commemorem,
1101 328 1328 358 accesserunt
1344 323 1391 358 ad
1407 323 1568 359 Odarum
1589 318 1751 361 commen

263 384 413 417 tationes
430 394 501 416 non
517 394 642 427 pauca,
660 382 710 415 ad
724 377 848 421 Artem
865 377 1041 435 poetic'am
1059 382 1179 425 multa,
1197 382 1243 415 ad
1261 382 1449 416 Sermones
1465 382 1633 429 plurima:
1662 385 1712 418 ita
1720 381 1769 431 ut'

263 443 293 477 si
309 446 466 476 nostram
483 440 581 475 hane-
584 434 852 489 editiowac'f
864 441 952 475 alias
969 443 1243 487 comparaueris,
1265 454 1395 476 nouam
1412 442 1673 489 quodammodo
1691 455 1768 478 esse

263 502 472 546 experiaris:
498 504 730 534 ueruntamen
749 502 798 534 ita
819 513 875 534 me
892 513 994 534 nemo
1020 502 1217 546 suspicetur
1234 502 1366 545 dicere,
1393 507 1454 535 aut
1474 503 1618 536 inuenta
1642 503 1678 536 in
1700 502 1768 537 hoc

260 559 369 603 libro,
401 573 491 607 quae
518 559 687 594 hactenus
713 560 910 605 defuerint,
942 561 1077 604 omnia,
1109 565 1169 594 aut
1202 566 1379 605 correcta,
1413 574 1502 608 quae
1531 562 1646 596 minus
1677 561 1768 597 bene

261 620 464 664 habuerint,
483 621 615 653 omnia:
639 620 702 654 sed
719 620 785 654 hoc
804 622 947 654 minime
964 633 1096 653 uanum
1114 626 1174 654 aut
1192 621 1383 666 superbum
1400 628 1466 665 est,
1493 634 1548 655 me
1566 621 1669 655 huius
1686 621 1768 655 libri

259 669 512 724 integritatem,
544 680 753 726 copiamque
772 684 945 723 secutum,
972 679 1080 714 multo
1099 680 1200 726 quasi
1216 679 1426 715 habiliorem
1449 685 1482 715 et
1504 680 1705 715 nitidiorem
1727 681 1764 715 in

259 739 473 786 palaestram
495 739 688 774 literariam
710 740 906 786 producere
930 741 1096 773 Aea-onem
1119 740 1323 774 Helem’um:
1348 742 1387 774 in
1412 741 1493 775 Por
1497 741 1701 786 phyrc'oue
1727 754 1769 774 θα)

252 799 382 843 paucis
400 799 604 831 membranis
623 800 783 843 antiquis,
802 798 986 831 emendam*
1000 806 1126 832 tantum
1147 800 1278 844 aliqua,
1297 800 1427 833 addida·
1435 813 1562 845 pauca,
1586 800 1768 846 dissipata,

260 862 298 891 'ut
316 870 435 904 spero,
462 858 589 903 collegi
614 860 741 892 omnia.
790 859 837 891 [η
864 858 1055 903 epistolis
1080 859 1187 892 nz'lzz'l
1211 871 1226 891 e
1254 859 1393 893 codice
1418 860 1586 904 antiquo
1612 859 1773 893 auxilii

250 917 366 961 suits
398 918 546 962 Minime
563 923 723 951 nostrum
740 918 797 951 hic
816 922 868 951 est
885 917 932 951 ad
945 911 1153 963 disciplinae
1171 924 1362 964 praecepta
1379 919 1597 964 perpendere
1611 919 1769 953 Fabricii

259 976 427 1020 laborem,
448 982 484 1010 at
501 982 586 1022 quot
603 983 637 1010 et
655 982 786 1022 quanta
804 989 822 1010 e
840 982 912 1010 tam
929 979 1052 1022 paucis
1070 978 1182 1023 iisque
1201 978 1333 1011 mutilis
1347 978 1529 1012 codicibus
1548 978 1593 1011 ad
1610 983 1767 1012 vetustos

260 1041 555 1071 commentatores
579 1037 616 1070 in
638 1042 736 1070 tanto
760 1049 878 1070 rerum
900 1037 1056 1083 periculo
1080 1042 1113 1071 et
1140 1037 1344 1071 discrimine
1362 1036 1560 1072 redundare
1579 1038 1766 1084 potuerint,

259 1097 338 1131 luce
357 1097 486 1131 clarius
505 1103 567 1131 est.
604 1097 714 1142 (Sign.
734 1097 770 1138 f.)

351 1158 384 1190 4.
403 1157 522 1190 Editio
536 1157 747 1189 Basileensas
758 1158 840 1190 anni
853 1167 1020 1190 MDLXXX
1032 1154 1217 1201 (Basileae,
1230 1170 1294 1203 per
1304 1157 1538 1191 Sabas-emnam
1549 1158 1772 1202 Hem-z'cpetri

259 1228 351 1249 anno
368 1221 448 1261 post
465 1221 622 1249 nostram
640 1215 788 1249 salutem
809 1217 1040 1249 instauratam
1065 1225 1136 1250 cli).
1156 1225 1205 1250 10.
1223 1225 1300 1250 xxc
1325 1229 1443 1250 mense
1461 1215 1616 1262 martio).
1659 1216 1766 1250 Falsa

259 1276 401 1309 omnino
418 1275 575 1319 vulgaris
594 1287 715 1309 eorum
733 1281 785 1308 est
802 1277 937 1321 opinio,
964 1276 1024 1321 qui
1047 1275 1137 1309 hanc
1160 1276 1351 1309 editionem
1372 1276 1598 1322 praecedenti
1619 1288 1763 1322 prorsus

258 1334 470 1368 deteriorem
488 1334 621 1369 dicunt.
660 1335 819 1380 Utraque
837 1340 890 1368 est
902 1336 1099 1381 vinnumeris
1122 1335 1207 1369 locis
1225 1337 1437 1379 incorrecta,
1460 1341 1607 1381 utraque
1625 1336 1764 1381 utrique

258 1406 323 1439 par
336 1399 409 1427 tam
427 1394 616 1428 uirtutibus
635 1406 739 1440 quam
758 1395 864 1427 uitiis.
887 1394 990 1428 Hanc
1007 1400 1125 1428 tamen
1142 1407 1312 1441 persaepe
1330 1395 1391 1429 illa
1408 1396 1656 1429 correctiorem
1673 1394 1763 1429 iudi-

258 1453 367 1497 cabis,
386 1454 415 1487 si
434 1458 617 1500 utramque
632 1455 904 1500 comparaueris,
924 1455 1085 1499 quamuis
1104 1459 1256 1498 constet,
1280 1454 1466 1488 nonnullas
1484 1455 1532 1489 ibi
1551 1454 1764 1495 scholiorum

255 1519 374 1559 partes
391 1513 633 1559 Porphyrioni
650 1527 726 1547 esse
745 1513 860 1557 datas,
887 1526 976 1560 quae
1001 1527 1045 1548 ex
1063 1524 1230 1548 LANDINI
1254 1514 1536 1549 enarrationibus
1560 1527 1581 1548 a
1598 1514 1763 1549 Fabricio

256 1574 454 1620 partimque
478 1573 522 1608 ab
546 1573 729 1619 Honigero
756 1574 886 1608 inlatae
904 1579 1014 1608 erant.
1052 1574 1107 1609 De
1131 1574 1197 1609 hoc
1222 1587 1340 1609 errore
1364 1576 1401 1609 in
1425 1574 1671 1621 disputatione,
1686 1585 1764 1609 mea
1809 1584 1812 1586 ’

255 1634 299 1667 de
319 1633 360 1667 C.
381 1633 526 1666 Aemillo
544 1634 637 1667 Mus.
656 1633 766 1667 Rhen.
788 1635 876 1667 1846
895 1646 927 1679 p.
946 1635 1015 1667 523
1032 1634 1197 1678 leguntur
1215 1635 1365 1668 haecce:

350 1692 422 1736 „So
442 1693 520 1726 sind
538 1694 575 1726 in
593 1693 650 1727 die
669 1693 834 1727 Scholien
853 1693 914 1726 des
934 1693 1159 1739 Porphyrion
1182 1706 1226 1727 zu
1250 1694 1367 1728 Carni.
1391 1704 1415 1737 1,
1441 1695 1483 1728 16
1499 1694 1558 1728 bei
1576 1693 1762 1729 Fabricius

256 1752 328 1786 und
345 1752 506 1797 Honiger
523 1765 587 1786 aus
605 1752 684 1786 dem
703 1753 950 1787 Commentare
969 1753 1030 1787 des
1048 1753 1189 1787 Landz'n
1213 1750 1299 1798 (von
1318 1753 1449 1788 Scribit
1466 1753 1685 1800 palinodiam
1707 1753 1762 1788 bis

257 1824 353 1846 more
372 1814 448 1855 suo)
462 1812 1023 1861 28Zeilenheriibergenommen3
1043 1813 1114 1847 und
1125 1813 1239 1847 dieses
1249 1813 1511 1848 Kabinetstiick
1528 1813 1650 1848 wurde
1672 1813 1763 1848 auch

256 1872 292 1905 in
315 1871 383 1905 den
401 1871 493 1905 doch
511 1876 608 1905 sonst
626 1884 663 1905 so
679 1872 728 1905 oft
745 1872 971 1916 geanderten,
990 1872 1023 1905 d.
1038 1872 1070 1905 h.
1085 1872 1323 1906 verfalschten
1337 1873 1511 1907 Abdruck
1522 1872 1764 1906 Braunhoerd's

257 1930 335 1964 Vol.
357 1941 397 1964 ΙΙ.
421 1943 455 1977 p.
475 1941 586 1965 xxvn
610 1931 894 1976 aufgenommen.
944 1931 1114 1966 Derselbe
1133 1931 1288 1965 Sca-udal
1305 1932 1367 1966 hat
1384 1932 1459 1966 sich
1477 1945 1521 1966 zu
1540 1932 1657 1967 Carm.
1676 1939 1707 1977 Ι,
1718 1932 1764 1966 30

256 1989 341 2034 (von
359 1991 507 2024 Dicarat
524 1991 578 2024 bis
596 1989 711 2037 amor)
731 1991 787 2025 bei
805 1991 993 2025 Fabricius
1016 1991 1087 2025 und
1104 1992 1317 2026 Braunhard
1342 1992 1434 2034 (Vol.
1454 2002 1492 2025 11.
1514 2005 1549 2038 p.
1568 1990 1663 2039 XLV)
1682 1993 1762 2027 wie-

256 2041 404 2083 derholt.
427 2051 470 2084 In
489 2050 551 2084 der
568 2051 738 2095 Ausgabe
756 2051 933 2096 Hiinigers
954 2064 1021 2085 von
1042 2052 1130 2085 1580
1151 2053 1196 2085 ist
1214 2051 1270 2085 die
1289 2052 1570 2096 Wiederholung
1587 2051 1650 2086 der
1666 2052 1760 2086 Lan-

255 2109 427 2144 dinschen
444 2110 568 2144 VVorte
590 2123 658 2145 nur
680 2111 873 2145 theilweise
896 2111 1051 2157 doppelt,
1078 2111 1123 2145 da
1140 2124 1207 2145 nur
1230 2112 1285 2146 die
1311 2125 1378 2147 von
1399 2112 1548 2146 Dicarat
1568 2112 1623 2147 bis
1649 2112 1761 2147 Hero-

255 2169 376 2203 dotum
400 2170 481 2203 dem
497 2170 726 2216 Porphyrion
745 2171 937 2214 zugetheilt
955 2171 1068 2204 sind.“

347 2229 444 2271 Quid
461 2230 603 2263 autem?
620 2230 794 2264 Miramur
808 2230 935 2273 hercle,
953 2232 990 2265 in
1003 2230 1155 2264 eundem
1169 2243 1323 2265 errorem
1337 2232 1527 2265 incurrisse
1541 2231 1759 2276 Pragensem

254 2287 452 2331 Editorem,
480 2290 539 2334 qui
555 2290 683 2323 minori
700 2290 1058 2325 omnino'eruditione
1081 2296 1185 2337 atque
1200 2277 1350 2336 'ingenio
1375 2303 1481 2336 quam
1503 2284 1699 2325 temeritate
1715 2302 1758 2325 ac

254 2346 396 2380 leuitate
418 2348 652 2393 festinataque
677 2349 851 2382 industria
873 2350 1001 2383 librum
1025 2363 1127 2383 suum
1148 2349 1194 2383 ad
1216 2349 1567 2393 din1idias'confecit,
1593 2354 1643 2394 et,
1667 2341 1762 2396 quogl

255 2406 490 2439 miserrimum
507 2411 570 2450 est,
594 2408 883 2452 ‚yraue'ssz'morum
904 2408 1066 2442 uirorum‘
1083 2408 1240 2442 consiliis
1258 2408 1452 2455 opibusque
1470 2409 1622 2443 adiutus.
1669 2408 1761 2443 Vide
1784 2405 1793 2414 ³

254 2465 506 2511 multiplicatos
525 2467 600 2500 eius
620 2478 755 2500 errores
773 2468 851 2501 Vol.
872 2478 895 2501 Ι.
914 2481 946 2513 p.
967 2469 1020 2512 74,
1040 2467 1095 2512 75,
1115 2469 1157 2502 76
1176 2473 1211 2502 et
1227 2481 1261 2515 p.
1283 2469 1358 2503 131.
