1936 2749
151 224 866 288 mmmm,
867 199 1078 276 suanam
1087 241 1139 276 in·-
1149 240 1353 288 apaan,
1363 241 1673 291 spumam.

152 295 521 338 efflarunt&
527 298 622 336 illim
638 299 741 337 Non
758 300 902 337 solum
910 301 1063 349 inquit
1069 299 1164 337 non
1171 300 1315 337 hudo.
1343 300 1481 337 scrib·
1490 301 1667 349 adposuit

153 361 343 407 1130qu
340 356 460 394 mimi
482 350 684 395 testimonio
705 361 810 395 haec·
841 361 954 395 Laus
972 361 1053 395 deo
1070 360 1170 404 soli,
1184 365 1290 406 atque
1308 361 1340 393 l.
1361 372 1411 394 ιιι.
1433 360 1660 406 subscripsit:

154 417 281 453 finis?
294 448 297 450 .
323 417 357 453 E
382 416 578 453 Germania
595 416 694 453 -hunc
723 417 917 454 codicem·
906 420 946 453 ιιι
967 418 1188 454 Britanniam
1217 431 1296 454 esse
1324 417 1536 454 mundatum
1563 424 1662 466 patet

154 488 199 511 ex
222 477 265 512 iis
287 478 432 523 quaein
446 482 604 512 extremo
621 477 706 516 folio
723 490 746 512 a
760 490 869 512 manu
883 477 1037 524 quadam
1051 478 1271 513 saeculi‘XV
1286 483 1368 513 sunt
1382 479 1530 525 scripta:

376 536 496 580 ,Liber
522 537 588 572 iste
616 541 670 572 est
691 537 837 572 Iohanis
860 535 1097 583 Pircheymer‘
1116 537 1296 583 utriusque
1327 538 1412 572 iuris
1440 537 1596 573 doctoris
1624 542 1661 573 et

375 596 591 631 amicorum.‘
956 628 962 629 ⁷

153 654 256 688 Folio
282 655 396 700 primo
421 655 657 700 significatum
686 660 753 689 est:
790 655 896 699 „Soc.
926 656 1014 700 Reg.
1041 654 1157 689 Lond.
1185 666 1230 689 ex
1254 654 1348 689 dono
1374 654 1481 689 Hem.
1506 654 1662 688 Howard

152 713 432 749 Norfolciensis.‘
469 715 523 750 .In
543 715 669 750 Museo
691 714 778 749 Brit.
796 727 890 749 nunc
905 714 1074 761 temporis
1091 719 1309 758 asservatur,
1326 720 1430 749 antea
1445 715 1481 749 in
1498 714 1659 760 Gollegio

156 773 409 808 Greshamensi
432 774 527 820 apud
547 772 775 808 Londinium.
824 774 868 807 In
889 773 1053 818 Catalogi
1074 773 1188 807 Tomo
1205 773 1240 807 H
1257 785 1291 819 p.
1311 773 1366 808 75.
1384 774 1416 817 2,
1439 772 1518 806 coll.
1542 772 1658 807 Catal.

150 831 237 867 bibl.
254 831 409 868 Norfolc.
426 832 542 868 Lond.
562 833 662 878 1681,
679 833 713 878 4,
731 845 765 880 p.
785 833 861 878 128,
874 845 1001 880 parum
1016 838 1180 868 accurate
1198 833 1368 879 scriptum
1385 837 1451 868 est:
1475 832 1658 877 ,Horatius

153 891 303 926 Flaccus
321 905 400 931 cum
418 893 679 927 Commentario
697 893 850 927 Acronis
866 886 1116 937 grammatico.‘
1137 893 1298 938 Namque
1314 892 1485 926 Horatius
1498 893 1573 937 ipse
1586 904 1659 926 non

152 951 256 995 inest,
278 956 442 998 poemata
467 943 543 985 eius
568 950 653 986 dum
676 951 829 986 minime·
847 956 885 986 ut
908 952 945 986 in
970 951 1024 987 ed.
1046 951 1158 999 princ.
1184 950 1342 986 Romana
1359 952 1658 986 commmentariis

151 1013 353 1058 praeposita
363 1023 477 1059 neque
488 1016 527 1046 ut
537 1013 574 1046 in
582 1012 788 1048 'eaVenetae
798 1011 853 1047 ed.
867 1012 1037 1059 principis
1048 1017 1148 1058 parte
1159 1024 1248 1058 quae
1255 1011 1407 1046 Acronis
1418 1012 1658 1058 expositiones

152 1071 285 1106 circum
309 1071 508 1111 Horatiana
532 1071 657 1106 ductas
678 1071 838 1118 praebet,
862 1073 899 1106 in
925 1071 1042 1106 medio
1065 1084 1186 1106 earum
1203 1070 1375 1106 collocata
1391 1076 1481 1105 sunt.
1531 1070 1659 1105 Scriba

151 1130 319 1190 quidem
308 1142 347 1165 ιιι
362 1130 450 1165 locis
462 1130 751 1166 homoeoteleutis
764 1131 949 1178 aliquoties
961 1131 1081 1177 lapsus
1096 1137 1149 1165 est
1160 1132 1368 1185 graecisque
1380 1131 1499 1165 verbis
1511 1130 1658 1164 lacunae

149 1195 231 1224 sunt
247 1189 400 1234 relictae,
418 1202 547 1235 magna
567 1195 685 1225 tamen
706 1202 791 1232 cura
813 1192 955 1225 omnino
976 1190 1065 1225 liber
1082 1196 1249 1225 exaratus
1264 1196 1299 1225 et
1315 1190 1471 1224 melioris
1486 1195 1590 1224 notae
1607 1189 1657 1223 di-

149 1249 283 1284 cendus
300 1255 368 1284 est..
411 1249 585 1284 Maiorem
601 1255 739 1296 partem
755 1250 890 1285 codicis
907 1250 1050 1285 contuli.
1080 1247 1243 1295 (Signaui
1260 1249 1323 1297 N)

243 1310 296 1343 11.
338 1309 426 1343 Cod.
445 1309 631 1342 Bet-nensis
647 1311 715 1343 223
737 1310 955 1351 chartaceus,
971 1322 1045 1343 non
1061 1309 1361 1353 membranaceus,
1378 1314 1417 1342 ut
1433 1307 1599 1342 Sinnerus
1619 1308 1656 1342 in

151 1367 315 1414 Catalogi
343 1367 444 1403 Tom.
468 1368 497 1403 Ι.
524 1381 559 1415 p.
581 1369 648 1404 481
675 1369 795 1404 refert.
843 1369 1056 1414 Horatiana,
1082 1374 1121 1403 ut
1145 1369 1203 1404 hic
1227 1369 1272 1403 de
1297 1369 1374 1403 aliis
1400 1380 1488 1415 quos
1513 1368 1659 1414 praebet

149 1417 381 1474 scriptoribus
403 1433 557 1474 taceam,
582 1433 662 1463 sunt
683 1438 737 1463 L11
759 1428 858 1473 folia,
886 1429 1016 1475 quibus
1033 1428 1186 1463 Acronis
1209 1428 1345 1463 Comm.
1363 1429 1400 1463 in
1415 1428 1558 1463 Horatii
1577 1427 1659 1461 Car-

150 1489 254 1531 mina,
272 1487 412 1533 Epodos
428 1494 459 1521 et
477 1487 622 1521 Carmen
638 1501 725 1522 saec.
744 1489 953 1523 continetur.
987 1488 1115 1523 'ritulis
1132 1489 1274 1523 omnino
1291 1492 1398 1532 caret,
1414 1487 1525 1522 literis
1541 1492 1658 1522 autem

148 1547 206 1581 vel
228 1547 345 1581 rubris
370 1547 427 1581 vel
452 1547 622 1584 caeruleis
647 1549 720 1581 suis
746 1548 909 1594 quodque
925 1560 1067 1582 carmen
1084 1548 1128 1582 ab
1145 1547 1246 1581 initio
1264 1552 1505 1581 ornatumest.
1554 1547 1658 1581 Nunc

149 1619 243 1641 nova
259 1606 395 1640 scholia
411 1607 530 1650 infert,
555 1619 648 1640 nunc
671 1618 761 1653 quae
776 1608 812 1641 in
829 1607 1042 1641 editionibus
1059 1606 1225 1653 leguntur
1241 1606 1300 1641 vel
1317 1606 1446 1640 omittit
1462 1605 1519 1640 vel
1535 1604 1659 1640 mutila

148 1666 305 1713 praebet,
323 1668 462 1712 saepius
478 1671 597 1701 tamen
612 1667 760 1712 integra.
791 1667 1015 1713 Quamquam
1030 1667 1215 1702 librarium
1231 1678 1303 1700 non
1319 1666 1369 1700 ita
1384 1665 1528 1700 doctum
1544 1678 1659 1711 neque

1678 1317 1759 1344 (eod.
1775 1314 1813 1352 1.)

147 1727 186 1759 in
203 1725 391 1771 scribendo
410 1726 640 1759 exercitatum
657 1731 809 1770 arguunt
824 1726 1000 1771 permulta
1008 1725 1120 1760 verba
1135 1725 1226 1759 male
1242 1725 1334 1759 lecta
1347 1730 1452 1771 atque
1468 1723 1657 1768 intellecta,
1719 1720 1728 1729 '

147 1784 388 1831 compluribus
412 1790 530 1820 tamen
555 1785 641 1820 locis
665 1785 845 1820 Acronem
869 1786 1118 1820 correctiorem
1142 1785 1269 1819 reddit.
1317 1785 1418 1819 Bono
1447 1784 1541 1818 enim
1564 1783 1657 1818 libro

147 1856 250 1878 usum
266 1844 420 1878 scribam
436 1856 512 1878 esse
530 1856 679 1890 eumque
694 1851 830 1879 mutare
847 1857 1020 1890 nusquam
1033 1850 1093 1879 aut
1105 1845 1149 1879 de
1163 1845 1235 1878 suis
1249 1842 1522 1888 addere'aliquid
1532 1854 1658 1876 ausum

144 1908 305 1948 apparet.
354 1903 483 1937 Totum
500 1902 660 1938 codicem
677 1905 876 1938 accuratius
892 1903 1119 1950 perlustraui.v
1149 1903 1295 1949 (Notaui
1314 1901 1362 1948 1).
1487 1901 1491 1904 ’

209 1955 213 1959 ’
243 1963 297 1997 12.
340 1963 428 1998 Cod.
457 1963 660 1998 Oaeom'enszle
676 1964 722 1999 25
745 1964 880 1999 Canon.
898 1964 958 1999 lat.
983 1963 1135 1999 in-Bibl.
1153 1963 1363 2007 Bodleiana,
1388 1962 1541 1997 chartac.
1559 1961 1654 1997 foliis

149 2030 240 2054 xmx
257 2027 423 2057 constans
444 2024 481 2057 in
498 2023 558 2057 fol.
573 2035 606 2069 q.
624 2024 657 2058 d.
675 2024 814 2068 minori,
830 2024 920 2058 liber
936 2024 973 2058 in
994 2023 1098 2058 Italia
1119 2022 1305 2069 diligenter
1322 2026 1499 2057 exaratus.
1548 2020 1653 2056 Com-

148 2078 312 2126 plectitur
337 2081 474 2117 Comm.
498 2084 536 2117 in
563 2082 727 2117 Carmina
733 2110 743 2128 ,
768 2082 909 2130 Epodos
933 2090 963 2118 et
987 2083 1130 2118 Carmen
1147 2082 1333 2125 saeculare,
1351 2082 1480 2128 quippe
1496 2081 1543 2117 ad
1559 2080 1655 2128 quod

146 2140 223 2173 exit
235 2151 315 2173 cum
327 2141 447 2175 verbis
462 2142 511 2175 ad
518 2143 692 2187 samfleia
700 2142 889 2187 offerenda,
905 2144 1043 2177 omissis
1052 2143 1190 2177 duobus
1209 2141 1351 2176 scholiis
1363 2141 1542 2176 extremis.
1572 2141 1657 2174 Vox

146 2196 278 2242 ,velwg‘
300 2195 383 2244 (sic)
401 2198 564 2244 adposita
582 2202 620 2236 in
642 2201 739 2249 calce
753 2202 883 2237 librum
897 2203 1074 2248 integrum
1090 2203 1216 2248 arguit,
1233 2201 1271 2236 id
1283 2201 1378 2248 quod
1387 2200 1489 2236 aliter
1500 2212 1539 2235 se
1550 2199 1657 2235 habet

1675 1967 1756 2000 (eod.
1769 1968 1816 2001 o.)

148 2259 185 2292 in
201 2257 279 2293 cod.
297 2257 379 2292 Par.
398 2258 488 2292 7986
507 2256 569 2303 (d),
587 2262 648 2306 qui
663 2262 898 2308 negligentius
915 2268 1080 2297 exaratus
1098 2267 1151 2296 est
1166 2262 1212 2296 ad
1229 2262 1397 2306 cuiusque
1413 2260 1547 2295 calcem
1562 2260 1657 2305 parti
1689 2280 1699 2286 -

148 2317 307 2351 nondum
334 2316 516 2351 absolutae
541 2322 661 2354 tamen
684 2332 758 2355 uox
784 2320 938 2366 ,,τελως“
960 2322 1144 2368 supposita
1159 2320 1388 2367 conspicitur.
1435 2318 1493 2354 Ab
1510 2318 1655 2353 indocto

147 2376 290 2423 quidem
307 2376 434 2421 scriba,
451 2388 523 2411 non
539 2381 658 2413 tamen
673 2391 719 2414 ex
735 2380 790 2415 ed.
808 2386 948 2417 vetusta
964 2386 1018 2417 set
1033 2393 1079 2417 ex
1094 2381 1213 2429 aliquo
1230 2380 1354 2416 codice
1371 2380 1586 2426 descriptum
1602 2379 1657 2414 iu-

142 2436 228 2472 dico
256 2436 350 2472 hunc
374 2436 503 2472 librum
525 2441 600 2473 no'n
614 2441 948 2487 contempnendum,
966 2443 1027 2490 qui
1042 2454 1147 2489 saepe
1164 2441 1325 2476 meliores
1341 2445 1459 2475 tuetur
1473 2439 1655 2475 lectiones.

146 2496 360 2543 Diligentius
377 2509 457 2532 eum
474 2498 624 2532 excussi.
657 2497 770 2544 (Sign.
788 2500 845 2543 O).
