1936 2749
203 103 250 139 28

200 195 298 242 typis
315 207 459 229 excusa.
508 192 713 229 Communis
734 191 852 239 potius
874 191 1116 239 impressionis
1134 190 1234 226 locus
1256 192 1434 227 censenda
1454 192 1596 229 videtur
1617 191 1706 228 urbs

200 255 363 289 Venetia.
385 255 639 300 Impressorem
653 251 788 286 scilicet
804 264 932 287 nomen
946 264 1047 286 suum
1060 252 1106 287 ad
1118 251 1252 286 calcem
1264 264 1335 286 non
1348 253 1520 298 posuisse,
1537 265 1579 288 eo
1591 253 1706 299 magis

171 329 174 332 ⁴
202 314 352 358 mireris,
366 313 459 360 quod
470 311 521 346 illi
534 312 686 357 primum
698 311 881 357 publicare
893 322 1060 357 magnam
1071 316 1231 347 ueterum
1243 316 1559 347 commentatorum
1571 317 1707 359 partem

204 373 350 418 gloriari
366 372 506 406 licebat.
540 370 718 405 Inuidiam
736 371 878 405 omnino
895 372 1055 416 magistri
1073 371 1122 405 illi
1138 371 1310 406 timebant
1326 376 1361 405 et
1375 370 1628 406 maleuolorum
1646 371 1706 406 ob-

206 438 433 467 trectatorum
450 431 610 475 crimina,
627 430 666 465 id
682 430 777 477 quod
794 443 840 465 ex
849 430 1000 477 Aloysii,
1017 431 1169 466 Romani
1183 431 1339 476 editoris,
1353 431 1503 478 epistula
1513 431 1709 466 luculenter

201 497 306 539 patet.
332 491 427 525 Hinc
441 490 670 525 Guldinbeck
681 490 842 526 Romano
858 484 949 525 libro
966 503 1095 525 nomen
1111 503 1214 525 suum
1227 491 1405 538 adponere
1418 491 1597 536 abstinuit,
1613 490 1709 538 quod

199 558 317 585 tamen
342 552 379 584 in
403 550 482 584 aliis
508 550 553 584 ab
579 550 704 585 eodem
729 555 763 584 et
789 555 872 584 tune
894 551 1063 597 temporis
1080 555 1115 584 et
1135 550 1254 597 paullo
1279 552 1390 586 serius
1406 544 1708 598 impressis-libris

201 612 335 646 factum
351 622 428 645 esse
445 611 586 654 scimus,
604 614 642 644 ut
659 610 694 644 in
712 608 863 652 ‚Aeneas
881 610 1013 645 Siluius
1032 609 1075 644 de
1093 610 1223 644 amoris
1239 610 1417 655 remedio‘,
1440 611 1478 645 in
1490 609 1708 657 ,Pamphilus

202 671 246 706 de
265 670 398 716 amore‘
415 675 449 705 et
465 670 501 704 in
514 669 711 715 ,Ciceronis
724 671 840 717 epistt.
855 670 976 705 famill.
994 670 1053 706 lib.
1072 671 1098 705 1‘
1110 675 1215 717 atque
1231 671 1268 705 in
1281 671 1463 715 ,Horatius
1477 684 1556 706 cum
1571 671 1708 706 Comm-

206 730 473 774 MCCCCLXXVI‘,
491 731 620 776 quippe
639 743 729 776 quae
747 731 854 764 editio
872 736 993 765 notata
1009 736 1062 765 est
1079 731 1114 764 in
1133 730 1304 776 Catalogo
1321 730 1482 765 biblioth.
1502 731 1552 766 St.
1571 730 1709 765 Genou.

203 791 317 824 Paris.
336 802 358 824 a
376 789 556 823 Daunovio
575 790 705 836 scripto
723 803 757 836 p.
776 800 879 825 CXXX
897 795 931 824 et
948 800 1128 825 CCXXXVI.
1152 825 1155 827 .

294 850 428 883 Notatu
450 849 558 894 digna
581 849 762 893 uidentur,
786 862 875 895 quae
898 851 1029 895 Regius
1053 849 1096 884 de
1113 849 1359 895 Porphyrione
1374 850 1519 895 ejusque
1536 850 1636 884 libris
1651 861 1710 883 ue·

198 908 405 943 iustioribus
423 909 568 954 profert.
602 908 692 943 Sunt
708 914 825 943 autem
843 909 990 944 haecce:
1023 910 1071 954 ,Is
1089 910 1183 943 enim
1198 910 1235 943 in
1252 908 1432 943 eliciendis
1449 909 1712 956 enodandisque

199 969 370 1002 Venusini
387 973 512 1014 poetae
535 970 716 1002 sententiis
740 974 813 1002 tam
831 970 966 1003 solicita
984 971 1092 1003 utitur
1109 969 1308 1014 diligentia,
1327 973 1365 1001 ut
1380 969 1489 1014 ipsius
1507 970 1711 1003 enaratione

201 1026 283 1074 (sic)
311 1027 508 1062 meridiana
533 1028 610 1062 luce
635 1028 822 1063 uideantur
847 1029 1025 1063 clariores.
1065 1028 1247 1075 Siquidem
1264 1028 1428 1062 historias
1446 1028 1652 1074 fabulasque
1671 1040 1712 1062 ac

199 1088 269 1122 alia
294 1087 341 1122 ad
365 1093 550 1134 poetarum
576 1088 850 1123 declarationem
868 1090 1068 1123 necessaria
1084 1090 1134 1123 ita
1153 1089 1308 1123 breuiter
1326 1088 1545 1134 facundeque
1562 1089 1713 1133 attingit,

199 1153 237 1182 ut
261 1147 348 1182 nihil
374 1160 487 1194 neque
513 1148 635 1183 deesse
660 1161 772 1195 neque
801 1161 984 1196 superesse
1010 1150 1207 1183 existimari
1229 1149 1350 1196 possit.
1400 1149 1532 1183 Verum
1555 1160 1644 1195 quae
1662 1153 1714 1182 est

198 1213 325 1242 natura
341 1208 497 1242 inuidiae
515 1209 676 1243 fortunae
695 1207 777 1255 (sic)
796 1215 834 1243 ut
850 1222 988 1256 semper
1005 1210 1152 1244 meliora
1168 1214 1329 1256 pereant:
1342 1243 1350 1250 ,
1363 1209 1466 1243 huius
1487 1214 1559 1243 tam
1582 1209 1714 1254 egregii

200 1268 418 1311 litteratoris,
438 1280 534 1311 quem
552 1281 610 1313 ego
621 1269 678 1301 uel
685 1269 813 1313 priscis
830 1270 984 1302 omnibus
994 1269 1230 1314 grammaticis
1243 1268 1500 1313 anteferendum
1514 1269 1696 1301 censuerim
1706 1280 1716 1300 :

203 1326 469 1360 lucubrationes
492 1328 529 1360 in
550 1327 740 1362 Horatium
762 1329 836 1362 siue
857 1328 1081 1363 librariorum
1099 1328 1315 1373 negligentia
1341 1329 1415 1362 siue
1440 1332 1637 1374 temporum
1653 1328 1717 1361 ini-

206 1387 339 1432 quitate
365 1398 454 1431 pene
480 1387 722 1421 amiseramus.
772 1388 840 1421 Tot
863 1389 955 1422 enim
978 1389 1016 1422 in
1042 1387 1096 1421 his
1119 1388 1287 1422 extabant
1312 1389 1467 1431 inuersa,
1490 1388 1716 1433 transposita,

206 1457 345 1488 manca,
364 1450 494 1489 errata,
513 1451 551 1479 ut
568 1458 638 1480 non
656 1447 760 1481 modo
778 1459 849 1480 non
866 1447 1030 1493 intelligi,
1054 1447 1116 1481 sed
1132 1459 1177 1481 ne
1193 1447 1264 1492 legi
1282 1446 1424 1493 quidem
1440 1446 1556 1480 multis
1574 1448 1611 1480 in
1629 1446 1716 1480 locis

195 1509 351 1550 possent.
403 1504 509 1547 Quod
526 1505 660 1540 scilicet
678 1507 792 1540 cuiuis
811 1506 916 1541 facile
934 1507 1126 1551 constabit,
1145 1519 1249 1552 quein
1266 1519 1336 1541 non
1354 1506 1490 1553 pigebit
1507 1511 1567 1540 aut
1583 1506 1713 1539 Romae

193 1576 304 1608 nuper
329 1564 495 1608 impressa
522 1564 691 1599 duntaxat
716 1566 918 1599 dimidiata:
953 1571 1013 1599 aut
1040 1567 1281 1611 manuscripta
1308 1563 1524 1611 exemplaria
1546 1578 1626 1599 cum
1650 1566 1717 1600 hac

194 1622 428 1657 emendacione
453 1630 570 1657 nostra
595 1626 767 1660 conferre.
817 1626 938 1672 Neque
963 1631 1083 1660 tamen
1099 1626 1237 1660 inficias
1256 1637 1308 1670 eo,
1326 1638 1397 1660 non
1413 1625 1510 1660 nulla
1527 1637 1665 1672 quoque
1680 1626 1717 1660 in

195 1683 251 1717 his
278 1695 349 1717 non
370 1685 519 1728 perinde
540 1691 644 1732 atque
669 1687 705 1720 in
729 1686 955 1731 archaetypis
978 1685 1164 1720 emendata
1181 1687 1339 1732 reperiri.
1395 1686 1522 1720 Diuini
1538 1687 1632 1720 enim
1649 1685 1715 1720 hoc

193 1743 310 1789 potius
332 1746 427 1776 esset
458 1757 564 1793 quam
582 1746 737 1790 humani,
764 1746 894 1781 librum
915 1745 1044 1792 ubique
1067 1750 1240 1780 uetustate
1258 1756 1439 1780 corrosum
1457 1746 1493 1778 iu
1510 1752 1605 1779 tanta
1618 1758 1717 1791 prae-

194 1807 308 1839 sertt‘m
336 1810 584 1856 eaeemplarz’um
607 1808 781 1853 paucitate
808 1805 991 1851 (unicum
1017 1808 1119 1840 em'm
1145 1819 1194 1840 ex
1217 1807 1404 1851 antiquis
1427 1805 1631 1840 duntaoeat
1648 1806 1712 1840 in-

195 1867 380 1906 uenitur)
405 1866 443 1902 in
468 1869 655 1914 pristinam
680 1866 861 1900 vindicare
888 1867 1139 1900 sinceritatem:
1175 1878 1254 1899 cum
1280 1867 1487 1911 praesertim
1510 1878 1552 1899 ea
1575 1877 1714 1911 quoque

198 1937 289 1971 quae
307 1926 344 1959 in
363 1927 495 1963 scholis
514 1926 670 1974 quotidie
688 1926 865 1972 leguntur,
883 1926 920 1959 in
936 1926 1124 1972 pristinum
1142 1925 1332 1960 candorem
1349 1924 1474 1971 redigi,
1493 1929 1555 1959 aut
1570 1923 1714 1959 redacta

200 1990 408 2022 conseruari
425 2000 649 2034 nequaquam
666 1985 824 2032 possint.‘

291 2047 391 2090 Quae
409 2059 455 2081 ex
472 2046 528 2081 his
546 2046 592 2080 ad
608 2044 720 2093 κρίσιν
737 2045 886 2089 faciunt,
906 2045 996 2079 duae
1013 2035 1186 2091 imprimis
1204 2056 1261 2079 res
1279 2057 1356 2078 esse
1373 2044 1549 2088 uidentur,
1568 2056 1717 2091 quarum

196 2107 308 2142 altera
334 2107 380 2142 ad
408 2107 510 2142 codd.
541 2120 641 2151 mss„
665 2106 775 2141 altera
793 2105 840 2140 ad
856 2105 966 2141 libros
984 2105 1196 2152 archetypos
1215 2110 1360 2152 spectat.
1409 2105 1457 2140 Et
1473 2106 1625 2152 primum
1642 2105 1717 2151 qui—

196 2167 278 2200 dem
301 2179 343 2201 eo
367 2167 521 2201 efficitur
542 2167 692 2212 Regium
718 2165 822 2199 codd.
846 2178 929 2199 mss.
953 2165 1157 2199 adhibuisse
1184 2166 1335 2211 indeque
1351 2177 1445 2199 noua
1460 2164 1718 2210 Porphyrionis

198 2232 398 2261 commenta
423 2227 459 2261 in
488 2238 668 2262 sermones
696 2230 730 2260 et
755 2224 922 2271 epistulas
951 2226 1103 2272 petiisse.
1148 2224 1272 2260 Plures
1299 2230 1415 2259 autem
1437 2229 1512 2258 tum
1532 2223 1716 2263 extabant:

202 2286 360 2331 alioquin
387 2286 433 2319 ad
458 2286 676 2331 exemplaria
698 2286 939 2330 manuscripta
964 2285 1128 2330 delegare
1153 2286 1302 2319 lectores
1319 2285 1498 2329 nequibat.
1547 2284 1597 2317 Hi
1614 2284 1716 2317 codd.

204 2356 286 2377 mss.
313 2349 348 2377 et
370 2344 512 2377 serioris
537 2349 571 2377 et
595 2344 796 2378 uetustioris
822 2348 923 2377 erant
941 2345 1097 2388 originis.
1148 2343 1307 2377 Seriores
1326 2354 1370 2376 ex
1386 2342 1540 2376 editione
1556 2342 1718 2378 Romana

200 2402 396 2449 descriptos
413 2415 484 2438 non
502 2402 699 2449 putandum
715 2408 782 2446 est,
805 2404 887 2449 quia
905 2403 1125 2450 exemplaria
1140 2403 1275 2437 Romae
1288 2403 1460 2449 impressa
1469 2403 1716 2449 manuscriptis

200 2468 441 2508 opponuntur,
464 2462 558 2496 unde
580 2474 622 2496 ea
644 2463 736 2496 inter
758 2474 795 2496 se
819 2462 1021 2497 dissentisse
1045 2462 1169 2496 elucet.
1218 2462 1277 2496 Ex
1300 2463 1448 2496 uetustis
1471 2462 1615 2496 unicum
1630 2462 1718 2500 dun-

197 2526 299 2556 taxat
320 2521 576 2560 inueniebatur.
634 2520 739 2564 Quod
765 2511 799 2555 et
824 2520 925 2567 quale
948 2526 982 2555 et
1007 2521 1067 2556 ubi
1093 2521 1159 2556 hoc
1182 2522 1303 2565 fuerit,
1328 2532 1399 2555 non
1413 2533 1495 2573 ⁴esse
1516 2520 1714 2570 accuratius
