1936 2749
254 741 307 780 ΙΙ.
330 739 568 780 CODICES
587 739 831 780 ACRONIS
849 740 922 779 ET
939 739 1368 781 PORPHYRIONIS
1386 742 1550 782 TYPIS
1563 740 1770 782 EXCUSI

499 809 613 850 AUT
636 808 785 849 LIBRI
808 808 887 849 EX
908 808 1073 850 CODD.
1096 809 1214 850 MSS.
1236 810 1528 852 PROFECTL

346 967 436 1001 Tres
460 972 575 1000 autem
599 967 773 1012 imprimis
798 971 878 999 sunt
901 966 1004 1000 huius
1027 968 1166 1010 generis
1189 966 1346 1009 codices,
1381 966 1425 1001 de
1448 967 1575 1013 quibus
1598 967 1773 1014 deinceps

252 1028 324 1061 iam
341 1039 457 1061 sermo
475 1028 551 1060 erit.
576 1026 688 1072 Digni
706 1027 815 1060 iidem
835 1028 977 1061 omnino
996 1031 1076 1060 sunt
1091 1028 1149 1071 qui
1167 1027 1290 1060 eodem
1308 1027 1383 1061 iure
1398 1027 1570 1061 editiones
1587 1028 1766 1074 principes

254 1085 340 1131 (non
351 1086 460 1121 editio
475 1087 652 1132 princeps,
667 1086 721 1120 ed.
738 1087 905 1132 secunda,
919 1087 973 1122 ed.
988 1087 1105 1128 tertia)
1119 1099 1141 1121 a
1153 1088 1239 1122 uiris
1253 1087 1367 1121 doctis
1383 1092 1566 1131 uocentur,
1579 1092 1768 1133 propterea

254 1145 351 1192 quod
378 1147 509 1180 sensim
532 1149 732 1191 sensimque
761 1147 797 1180 in
824 1146 893 1180 illis
916 1151 1035 1193 partes
1063 1147 1397 1181 commentariorum
1423 1152 1641 1181 uetustorum
1664 1146 1764 1192 prelo

254 1205 433 1240 subiectae
452 1210 556 1251 atque
574 1217 619 1239 ex
637 1206 760 1240 ordine
776 1207 814 1240 in
831 1205 1012 1252 publicum
1029 1206 1178 1240 emissae
1197 1210 1287 1240 sunt.

192 1264 236 1298 (r)
350 1266 406 1299 46.
425 1264 543 1299 Editw
549 1266 712 1311 princeps·
723 1266 882 1300 sineloco
893 1271 927 1300 et
940 1278 1032 1300 anno
1044 1271 1096 1300 set
1104 1266 1274 1309 Romana,
1289 1271 1370 1300 ante
1378 1278 1509 1300 annum
1519 1275 1763 1300 MCOCCLxxlv

254 1338 274 1359 a
288 1325 549 1358 Bar-tholomaeo
565 1324 782 1358 Guldinbeclc
794 1327 889 1371 typis
903 1326 1083 1371 exscripta
1095 1326 1240 1359 Romae.
1258 1325 1350 1359 Vide
1365 1325 1519 1369 Audzffr.
1534 1338 1568 1370 p.
1581 1326 1661 1359 413.
1674 1326 1762 1368 4143

254 1385 431 1417 Maittaire
449 1394 472 1417 1.
491 1397 525 1430 p.
545 1384 613 1417 752
630 1389 664 1417 et
682 1384 766 1426 7663
795 1385 900 1417 Fessi.
920 1395 942 1427 1,
960 1385 1039 1418 802.
1072 1384 1205 1417 Dz‘bde'n
1222 1386 1260 1418 in
1276 1384 1388 1418 deser.
1406 1383 1575 1418 Biblioth.
1602 1383 1762 1429 Speucer.

254 1457 289 1490 p.
307 1443 444 1478 69‹-71
465 1443 567 1478 dicit:
586 1443 654 1487 ,De
667 1443 762 1477 Bure
779 1456 851 1477 was
869 1445 1034 1488 ignorant
1053 1445 1093 1478 of
1104 1445 1149 1478 its
1168 1445 1358 1478 existence.
1385 1444 1485 1478 Idem
1502 1449 1620 1478 tamen
1632 1444 1762 1478 Burius

254 1504 362 1546 (Bibl.
383 1503 435 1536 La
462 1503 549 1536 Vall.
569 1514 609 1547 11,
627 1504 682 1537 91.
701 1503 753 1537 ed.
772 1504 852 1537 Par.
873 1503 978 1550 1783)
1002 1509 1036 1538 et
1058 1493 1147 1538 falso
1166 1504 1306 1550 quidem
1329 1505 1464 1548 statuit,
1487 1504 1602 1537 omnia
1618 1503 1762 1537 Horatii

253 1576 356 1609 opera
373 1563 439 1597 hac
458 1562 610 1598 editione
629 1564 812 1607 contineri,
832 1565 931 1597 cuius
948 1569 1053 1610 typos
1071 1563 1229 1608 Georgio
1247 1564 1388 1599 Lauero
1408 1561 1531 1608 (Laur)
1551 1564 1708 1609 assignat
1724 1565 1760 1597 in

253 1623 321 1657 hoc
338 1622 457 1657 titulo:
488 1623 530 1665 Q.
549 1622 596 1656 H.
615 1622 737 1656 Flacci
759 1636 863 1668 opera
880 1636 960 1657 cum
978 1624 1113 1658 Comm.
1132 1613 1285 1658 Acronis
1302 1629 1337 1658 et
1353 1623 1621 1669 Porphyrionis.
1657 1623 1758 1657 Idem

254 1694 353 1716 error
365 1683 537 1727 repetitur
550 1694 571 1715 a
587 1679 692 1715 Ferd.
709 1682 834 1715 Fossio
848 1682 870 1715 l.
884 1682 906 1715 l.
921 1683 1014 1716 conf.
1033 1682 1275 1716 Mitsclzerlich.
1289 1695 1324 1729 p.
1339 1692 1448 1716 LVIII.
1467 1683 1590 1728 Neque
1604 1680 1759 1726 Ehert.*)

329 1773 356 1806 *)
371 1776 415 1800 De
430 1776 560 1807 editione,
576 1783 657 1807 quam
672 1775 783 1800 I’anzer.
797 1782 838 1807 lx,
853 1777 905 1800 326
921 1784 953 1801 ex
967 1776 1073 1807 Denisizff
1087 1776 1157 1801 libro
1172 1776 1353 1801 Lesefriichte
1368 1783 1401 1807 11,
1419 1777 1451 1801 18
1466 1779 1669 1808 commemorat,
1688 1776 1761 1801 idem

253 1822 364 1846 Ebertus
377 1822 412 1846 ad
428 1830 453 1846 n.
470 1823 557 1846 10121
575 1830 628 1846 non
643 1823 730 1853 magis
745 1825 873 1847 accurate
888 1822 1030 1847 iudicauit.
1063 1822 1172 1847 Etenim
1188 1825 1283 1847 extant
1298 1822 1408 1854 quidem
1423 1823 1600 1854 exemplaria,
1616 1823 1642 1846 in
1660 1823 1761 1854 quibus

253 1869 321 1892 solia
335 1869 467 1892 nonnulla
482 1868 595 1898 desunt,
616 1872 641 1892 et
658 1868 768 1899 quidem
783 1871 830 1892 aut
852 1869 906 1893 tria
927 1869 979 1893 illa
1000 1876 1069 1901 quae
1089 1869 1187 1893 literas
1202 1868 1337 1900 praebent
1352 1869 1471 1900 scriptas
1491 1876 1507 1893 a
1521 1868 1764 1901 ,Joanne'Aloisio

253 1915 379 1939 'runcano
404 1914 542 1938 aduocato
566 1913 754 1938 consistoriali
780 1914 815 1938 ad
834 1915 1013 1939 Franciscum
1039 1914 1151 1939 Helium
1175 1914 1419 1946 Parthenopeium‘
1439 1915 1566 1946 idemque
1587 1915 1761 1946 ,Franciscus

254 1959 415 1984 Marckiaius
427 1960 523 1984 Aelius
536 1960 763 1991 Perthenopeius‘
781 1960 853 1992 quod
868 1961 1015 1991 respondit
1028 1961 1070 1984 illi
1085 1961 1184 1992 ,amico
1199 1960 1389 1992 lepidissimo,
1409 1963 1507 1992 poetae
1523 1960 1683 1984 dulcissimo
1698 1967 1763 1984 ora-

256 2006 360 2037 torique
373 2007 478 2038 pariter
490 2009 518 2029 et
531 2005 599 2030 iuris
611 2006 739 2030 consulto
752 2007 926 2035 clarissimo‘‚
938 2009 985 2030 aut
998 2009 1137 2037 quattuor,
1146 2014 1262 2038 quorum
1274 2007 1301 2030 in
1314 2007 1403 2038 primo
1414 2007 1487 2030 uitae
1502 2008 1559 2030 tres
1571 2006 1647 2035 illae,
1660 2006 1761 2037 quippe

254 2053 337 2076 tertia
351 2052 451 2075 Acroni
466 2052 621 2082 adscripta,
642 2052 684 2075 cui
701 2052 832 2075 adiuncta
845 2053 934 2076 altera
950 2054 1005 2083 est⁷
1031 2054 1113 2083 atque
1134 2054 1235 2083 quarta
1249 2051 1435 2082 Porphyrioni
1455 2052 1598 2082 assignata
1617 2052 1760 2082 leguntur.

256 2098 285 2121 ln
302 2097 428 2128 exemplo
442 2097 606 2122 Taurinensi
622 2104 652 2121 v1
669 2097 737 2121 solia
752 2097 936 2129 praecedunt,
956 2105 1070 2129 quorum
1086 2104 1117 2122 1v
1138 2097 1234 2121 literas
1250 2097 1386 2128 praebent
1400 2100 1495 2128 atque,
1516 2104 1570 2121 uno
1584 2096 1650 2121 albo
1670 2097 1756 2121 inter·

255 2143 357 2174 posito,
372 2146 478 2167 sextum
494 2143 575 2167 uitas.
602 2144 640 2167 At
654 2143 720 2167 libri
735 2143 830 2174 plures
845 2147 872 2167 et
886 2143 1055 2167 lectionibus
1075 2143 1148 2167 inter
1162 2150 1192 2167 se
1207 2150 1238 2166 ac
1253 2143 1338 2167 uariis
1359 2143 1501 2167 scribendi
1520 2143 1674 2167 rationibus
1688 2142 1753 2166 hinc

255 2189 319 2214 iude
334 2189 473 2212 differunt.
513 2188 672 2213 Conferenti
690 2188 739 2212 tibi
755 2189 858 2212 librum
874 2188 1060 2215 bibliothecae
1076 2189 1150 2213 Stae.
1166 2188 1324 2213 Genouesae
1338 2188 1427 2213 Paris.
1443 2196 1504 2213 cum
1518 2188 1669 2219 exemplari
1686 2187 1755 2211 bibl.

256 2234 412 2265 Imperialis
428 2234 532 2258 ibidem
548 2234 648 2258 haecce
662 2242 685 2259 e.
702 2242 725 2259 c.
742 2234 904 2259 discrimina
918 2231 1049 2259 offendes.

785 2288 904 2305 mcn‘vr.
931 2286 1032 2305 mann.
1060 2287 1230 2305 Erononmr.

255 2325 299 2350 Sic
313 2333 419 2357 exemp.
436 2326 507 2351 bibl.
522 2327 548 2351 S.
564 2325 672 2351 Genou.
689 2327 735 2351 fol.
752 2333 848 2359 cnvn3
862 2330 963 2358 puncta
977 2326 1079 2351 absunt
1094 2326 1129 2350 ab
1144 2326 1213 2357 Imp.
1229 2329 1257 2350 et
1270 2333 1341 2351 me0.

329 2371 435 2395 Ibidem
449 2373 528 2396 illut:
546 2372 590 2396 Ad
610 2373 812 2403 Maecenatem,
836 2373 900 2396 hoc:
920 2372 964 2396 Ad
983 2373 1164 2397 Mecenatem.
1198 2372 1244 2396 Sic
1268 2371 1331 2395 illut
1349 2372 1387 2401 (et
1409 2370 1524 2399 meum):
1545 2369 1663 2395 Carmen
1683 2371 1760 2395 Finit

258 2415 396 2445 Seculare,
410 2417 493 2446 Imp.:
509 2417 629 2440 Carmen
643 2418 703 2440 finit
717 2417 847 2449 Seculare
863 2415 935 2447 (cum
949 2415 1058 2448 cauda).
1080 2417 1168 2447 Quam
1182 2416 1374 2439 diversitatem
1385 2416 1408 2438 si
1424 2416 1497 2446 typis
1509 2416 1658 2440 mobilibus
1671 2416 1761 2447 expli—

257 2458 315 2483 cari
329 2465 410 2490 posse
424 2460 545 2492 dubitas,
559 2462 628 2486 nihil
644 2462 695 2486 tibi
710 2465 799 2486 restat
813 2462 867 2487 nisi
883 2462 950 2487 duas
965 2462 1089 2487 eiusdem
1104 2461 1168 2486 libri
1185 2461 1325 2485 editiones
1340 2460 1470 2492 deinceps
1481 2461 1610 2493 uulgatas
1620 2461 1757 2495 accipere,

256 2512 373 2537 quarum
387 2506 477 2530 altera
491 2507 566 2531 foliis
584 2508 641 2532 illis
662 2511 781 2540 careret,
806 2512 836 2532 ut
855 2516 887 2532 ea
902 2516 984 2539 quam
999 2509 1114 2532 Panzer.
1134 2507 1262 2537 inspexit.
1290 2507 1380 2531 Meum
1400 2507 1541 2538 exemplar
1560 2515 1643 2531 unum
1664 2507 1761 2531 folium

255 2558 317 2574 eum
331 2550 397 2574 uitis
413 2552 599 2582 antepositum
615 2554 811 2576 commentario
826 2556 916 2583 tenet,
930 2557 1054 2577 extremo
1069 2556 1160 2576 autem
1176 2552 1247 2576 libro
1262 2552 1328 2576 item
1343 2560 1425 2575 unum
1440 2552 1551 2583 folium,
1568 2552 1679 2575 illarum
1693 2552 1763 2576 lite-
